3675 5592
366 676 582 750 amomis
611 681 870 752 unctumutu
893 686 1005 752 xxvi.
1036 667 1226 774 tif-89.
1286 668 1362 761 iot

282 853 342 930 ραίς
360 848 419 910 τάν
447 842 598 931 ύπηκάων
619 846 828 930 κηδεμονικῶς
857 849 1092 931 καμπτομένοις
1119 849 1362 918 deseseruisse

281 951 380 1032 γίνεται
399 951 532 1032 καρδίας
553 945 675 1022 τούτοις
689 949 911 1014 ἐπικαλεῖσθαι
934 946 988 1014 τύν
1008 950 1128 1034 κύριον,
1147 949 1281 1027 τούτους
1305 953 1363 1034 δῆ.

282 1053 383 1114 πουθεν
417 1049 580 1134 σίκτειροσν
600 1052 757 1114 ἐνταυθοῖ
773 1048 852 1115 κατά
875 1048 911 1115 τὸ
942 1053 997 1134 τῆς
1018 1051 1123 1130 ututur
1145 1051 1364 1140 δίδασιαάσ-

280 1171 337 1230 χειν
355 1147 524 1234 άνάλοχσν,
557 1151 596 1215 λν’
626 1153 658 1226 ἐς
681 1149 717 1216 τὸ
741 1155 857 1232 μίλλον
884 1155 949 1240 σχῇ
969 1155 1168 1238 κουφοτέραν
1190 1157 1246 1240 τῆν
1265 1153 1363 1220 κάλα-

165 1290 168 1307 ι
265 1267 328 1321 tots.
364 1253 394 1317 εί
419 1255 449 1316 δ’
471 1249 573 1326 αἴτιος
600 1255 659 1332 μὲν
681 1255 736 1336 τῆς
770 1246 846 1338 ὅλης
877 1252 928 1338 εἴη
949 1258 1061 1331 κακίας
1082 1254 1232 1336 καθάπαξ
1255 1254 1363 1344 αύτάς,
1451 1255 1458 1274 ‘

164 1348 167 1436 f
281 1354 312 1416 δι’
330 1349 364 1437 ῆν
385 1357 417 1429 ἐς
441 1352 569 1438 φθοράν
599 1351 755 1438 ὁλοσχερῆ
790 1353 825 1418 τύ
849 1352 990 1438 ύπῆκοσν
1011 1360 1248 1442 καταφέρεται,
1268 1354 1364 1424 ἔπειτ’

282 1453 363 1530 αίιύς
383 1453 552 1539 άνάλχητύς
569 1479 602 1520 τε
622 1458 727 1538 μένων
745 1455 800 1522 καί
822 1451 938 1540 ῆκιστα
958 1468 1029 1533 ταῖς
1051 1456 1215 1534 τοιαύταις
1234 1482 1366 1546 συμφο-

283 1565 338 1640 ραῖς
358 1555 434 1640 μῆτε
455 1553 692 1638 καμπτόμενος,
710 1557 791 1641 μῆνα
814 1556 878 1640 μῆυ
900 1559 968 1622 οὐδ’
989 1552 1067 1642 άχρι
1088 1562 1145 1624 τοῦ
1167 1565 1363 1645 φαινομένου

283 1655 464 1738 συμπάσχειν
489 1655 649 1739 ὁρώμενος
671 1654 850 1742 σχήματος,
878 1653 988 1724 ἔπειτα
1006 1658 1133 1741 μακρὸν
1157 1662 1191 1739 i}
1213 1661 1363 1738 α’πονσίας

257 1759 325 1826 tissi
343 1761 440 1844 τύφσν
461 1760 494 1824 ἐν
516 1760 608 1846 ψυχῇ
631 1760 832 1842 περιθάλαει,
856 1762 1016 1842 δικαίωμα
1034 1762 1094 1827 τού
1113 1758 1159 1846 μῆ
1182 1763 1282 1846 δῆθεν
1303 1766 1365 1827 αδ-

282 1855 323 1922 ιύν
341 1859 489 1942 ἁμαρτεῖν
502 1859 536 1924 τά
558 1860 601 1942 μῆ
625 1860 760 1944 πάσχειν
777 1858 932 1943 οἰόμενος,
955 1864 1058 1951 τούτῳ
1079 1859 1196 1938 πάντας
1209 1864 1278 1927 ἐκεῖ
1291 1863 1364 1940 τσὺς

281 1965 324 2042 τῆς
342 1963 424 2046 δίιιης
443 1963 597 2046 λαμπράς
616 1959 762 2043 ταμιεύει
783 1968 978 2047 πρηστῆρας.
1020 1965 1104 2048 μηδὲ
1122 1959 1184 2046 γάρ
1205 1956 1286 2027 εἶναι
1308 1961 1431 2048 τῆν’.

281 2061 400 2126 ἐνταῦθα
419 2058 552 2126 κόλασιν
566 2060 759 2144 άποχράσαν
780 2058 865 2128 σύτσσ
884 2061 1035 2146 μεγάλοις
1053 2065 1109 2127 καί
1128 2061 1364 2146 παρανομωτά-

161 2169 163 2238 ῥ
281 2182 334 2236 τοις
353 2168 546 2242 πταίσμασιν
570 2165 736 2246 α’σεβειάς,
761 2155 798 2247 ἧς
820 2163 876 2240 τάς
900 2166 990 2240 δίκας
1011 2165 1107 2240 αύτύς
1128 2165 1160 2228 θ’
1182 2158 1263 2248 tinio
1285 2159 1365 2229 ἑαυ-

161 2253 163 2328 ᾆ
254 2266 327 2326 toros·
345 2262 547 2349 imitationes,
576 2264 631 2328 καί
652 2259 719 2348 άμα
753 2259 832 2346 ίπέρ
865 2266 924 2329 τού
944 2246 1008 2330 κύν’
1028 2257 1172 2348 ύπηκύων
1202 2267 1244 2329 δι’
1266 2263 1364 2330 αύτόν

161 2389 163 2448 ξ
281 2365 459 2442 ἀπολωλότος
480 2365 643 2450 πλήθους·
687 2369 833 2447 ποιμένος
855 2365 915 2452 γάρ
937 2361 1164 2450 άνειλημμίνσς
1182 2362 1300 2450 ζιύπον,
1317 2368 1362 2452 μῆ

256 2462 359 2545 ‘uiros
382 2468 420 2530 σά
441 2471 609 2551 πεπσιήται
638 2466 694 2553 τῆν
724 2467 949 2551 άρμάττσυσαν
971 2470 1015 2556 τῷ
1044 2472 1179 2556 ποιμνίῳ
1201 2467 1363 2554 πρόνοιαν,

161 2561 163 2590 ⁷
278 2565 344 2632 α’λλά
364 2571 415 2632 καί
436 2571 564 2654 φθοράς
598 2568 686 2658 αύτῷ
709 2569 1067 2651 πρσσεπεδαψιλεύσατσ
1089 2566 1251 2655 τρόπους,
1271 2567 1364 2648 λύκος

279 2669 340 2736 dut
357 2667 533 2755 προστάτου
554 2673 609 2734 καί
638 2674 784 2752 πσιμίνσς
806 2675 929 2758 φανείς.
981 2668 1089 2737 ἔπειτα
1110 2667 1179 2737 οὔδ’
1205 2666 1282 2752 ῆμδν
1306 2669 1364 2736 άν-

161 2803 162 2806 “
246 2775 402 2854 λλθριάπσις
423 2763 515 2840 otiose
540 2773 661 2838 σ’νείται
685 2769 741 2856 τῆν
764 2775 798 2838 ἐν
828 2766 1065 2857 ὅτοσδηποτσύν
1093 2767 1201 2858 ἓτίρου
1224 2795 1363 2856 κρυπτο-

276 2878 357 2957 μίνην
378 2877 401 2914 ‘¹
422 2876 539 2964 καρδίᾳ
569 2875 681 2939 κακίαν
704 2870 725 2958 ἢ
748 2866 866 2958 άρετίην
896 2869 979 2960 πλῆν
1002 2868 1077 2940 ὅσον
1104 2876 1139 2941 ἐκ
1161 2877 1224 2942 τάν
1242 2871 1392 2955 δξαθενλ
1406 2883 1493 2945 im.

273 2975 434 3062 σχημάτων
455 2980 509 3042 καί
528 2972 711 3063 χρωμάτων
733 2979 791 3043 τού
810 3001 844 3044 τε
866 2970 968 3061 ῆθσυς
988 2979 1045 3044 καί
1067 2980 1131 3044 κάν
1151 2981 1253 3061 λόχων
1273 2977 1363 3043 είκα-

276 3257 429 3325 erperientia
455 3265 592 3328 utcunque
619 3273 669 3310 nos
688 3258 810 3325 edocuit,
835 3259 957 3312 dominus
980 3259 1015 3311 iis
1040 3257 1219 3326 principibus,
1244 3255 1363 3327 quinon

276 3331 338 3382 omni
356 3339 482 3399 exparte
505 3337 709 3400 consumatque
735 3330 870 3384 licentiam
887 3329 1065 3398 improbitatis
1088 3330 1228 3395 dederunt,
1250 3327 1363 3384 σκλικιί.

233 3457 242 3470 ,
274 3399 361 3453 tutibus
384 3410 472 3455 autem
498 3403 678 3455 subiectorum
702 3401 821 3456 sonicite
846 3402 909 3454 dexi
929 3405 956 3454 in
984 3401 1170 3456 humiliatione
1194 3402 1283 3455 cordis
1302 3415 1362 3454 eon

276 3473 397 3542 invocant,
417 3491 466 3544 pro
487 3477 592 3527 ratione
617 3489 713 3527 causae
737 3475 921 3528 misericordia
946 3489 1038 3528 eorum
1064 3481 1200 3543 permotus
1230 3472 1363 3542 supplicia
1434 3477 1439 3485 '

274 3544 313 3596 bio
330 3545 448 3618 indigere
467 3547 592 3610 videtur,
613 3562 665 3615 quo
686 3547 877 3614 expeditiorem
897 3548 924 3598 in
945 3547 1060 3599 tutorum
1086 3546 1182 3598 babeat
1200 3547 1361 3670 castiffutio.

274 3633 334 3670 nem.
368 3621 408 3672 sin
428 3627 516 3672 untem
537 3619 671 3686 princeps,
691 3633 846 3686 quemquam
867 3619 953 3670 omnis
971 3617 1158 3686 improbitatis,
1178 3631 1263 3687 quaa
1300 3617 1362 3685 pia.

273 3703 325 3740 uam
343 3692 485 3759 perniciem
505 3689 619 3742 subiecti
647 3690 831 3754 detruduntur,
859 3688 933 3742 soius
951 3697 1044 3742 auctor
1068 3697 1119 3754 est,
1137 3703 1191 3741 nou
1210 3690 1288 3742 modo
1307 3690 1361 3740 mi.

274 3775 341 3814 serae
361 3769 387 3814 et
405 3763 521 3816 afflictae
541 3769 633 3814 eorum
651 3761 773 3814 fortunae
792 3762 926 3814 duriorem
954 3777 984 3813 se
1000 3761 1113 3828 praebet
1135 3776 1224 3830 neque
1242 3761 1361 3829 speeiem

274 3833 368 3901 quidem
393 3850 438 3888 cos
463 3835 673 3888 commiserantis
696 3849 761 3901 prae
789 3849 819 3886 so
845 3834 906 3897 sert,
931 3847 1024 3885 vorum
1046 3833 1125 3884 ctiam
1144 3833 1239 3885 iustum
1259 3848 1293 3884 ex
1310 3833 1361 3886 ds-

275 3907 363 3957 mentia
380 3906 429 3958 sibi
448 3907 529 3958 sumit
544 3905 695 3970 arbitratus,
712 3905 739 3957 id
749 3905 902 3958 testimonio
922 3919 992 3969 ease,
1011 3920 1041 3956 se
1060 3917 1114 3956 non
1130 3919 1269 3971 peccasse,
1289 3902 1360 3971 quod
1410 3919 1414 3925 ·

275 3975 327 4041 ipss
343 3978 369 4030 ia
385 3979 511 4031 adversas
529 3993 574 4030 res
592 3993 646 4030 non
665 3977 783 4041 ineidat,
805 3977 867 4030 huic
887 3990 979 4030 omnes
997 3975 1056 4029 iilic
1074 3975 1195 4029 turbines
1213 3977 1307 4044 igneos
1327 3974 1362 4026 ad

274 4061 375 4112 poenim
393 4059 522 4104 reservat.
559 4063 613 4102 uon
633 4051 702 4100 euim
721 4049 820 4102 suidcit
838 4047 1017 4116 supplicium,
1038 4048 1109 4118 qnod
1126 4046 1170 4099 hic
1190 4046 1275 4114 indigi
1294 4059 1361 4112 pos.

276 4119 316 4182 sit,
333 4127 381 4172 tam
398 4123 500 4192 mugnis
518 4129 598 4191 atque
616 4120 760 4174 audacibus
779 4121 937 4185 sceleribus,
956 4135 1068 4190 quorum
1087 4134 1187 4187 poenos
1206 4123 1316 4186 propter
1331 4131 1362 4168 so

276 4189 345 4244 debet
362 4202 386 4246 et
402 4202 510 4263 propter
529 4193 723 4247 multitudinem
747 4191 927 4246 subiectorum
946 4209 994 4245 sua
1024 4191 1104 4259 culpa
1122 4189 1360 4259 pessumdutorum.

278 4261 380 4316 oiieium
399 4269 466 4320 euim
480 4267 594 4334 pastoris
614 4267 723 4318 sortitus
738 4281 791 4318 uon
810 4263 896 4320 solum
915 4279 970 4317 uon
984 4263 1077 4316 babuit
1091 4278 1178 4317 comm
1197 4259 1275 4330 gregi
1294 4273 1362 4311 cou-

280 4335 423 4404 venientem,
448 4355 541 4392 rerum
564 4338 641 4390 etiam
661 4337 806 4405 perniciem
833 4337 858 4388 ei
877 4337 988 4404 profuse
1006 4333 1113 4399 attulit,
1132 4341 1162 4384 ut
1178 4347 1232 4384 nou
1251 4330 1362 4399 praeic-

281 4409 330 4482 ctus
346 4409 397 4460 eius
414 4419 493 4480 atquo
512 4417 619 4478 pastor,
641 4410 689 4462 sed
716 4408 793 4476 iupus
812 4409 958 4463 videretur.
1001 4421 1095 4459 serum
1114 4405 1191 4457 nobis
1210 4401 1361 4456 bominibus

282 4477 453 4540 improbitatem
476 4490 522 4534 aut
546 4483 670 4534 virtutem
694 4481 721 4534 in
748 4479 859 4534 alterins
889 4481 1071 4546 cuiuscunque
1098 4476 1178 4528 corde
1198 4473 1362 4528 reconditam

285 4542 392 4602 duntaxat
410 4553 546 4607 hactenus·
563 4568 730 4622 cognoscere
749 4551 829 4618 licet,
850 4559 879 4604 ut
899 4567 933 4604 ex
951 4559 1061 4604 externo
1083 4547 1176 4601 babitu
1194 4561 1226 4600 ac
1244 4544 1362 4598 moribus

287 4616 408 4692 sermoque
431 4627 544 4682 obscuro
567 4627 695 4696 quaedum
725 4625 823 4680 indicio
853 4621 1090 4692 deprehendamus.
1132 4627 1247 4676 attamen
1265 4615 1310 4672 uei
1330 4629 1363 4668 ex
