3675 5592
332 715 553 784 armonian
577 653 840 785 umanum
855 721 1009 788 xxxvii.
1029 703 1226 790 tr-un
1287 717 1361 790 σου

267 905 327 948 στα
347 876 384 947 τό
415 883 471 964 τῆς
490 882 710 965 Μασαλιανῆς
743 878 898 967 αἱρέσεως
928 883 1085 970 μυσαρόν.
1142 887 1210 951 ἀλλ’
1244 888 1427 965 όκεῖνοςη

266 983 328 1069 μὲν
356 985 475 1048 τοιαῦτ)
503 981 637 1067 εἰρηκώς
657 1006 691 1048 τε
719 981 787 1066 ἅμα
821 984 878 1048 καῖ
905 983 1079 1068 πεπραχώς
1101 988 1212 1082 πόρρω
1232 988 1362 1065 κανόνος

268 1084 325 1150 καὶ
345 1087 443 1167 νόμου
464 1086 589 1162 παντός,
613 1083 754 1166 δέδειχεν
784 1083 895 1166 ἔνοχον
917 1079 1031 1150 ἑαυτόν
1059 1086 1165 1174 ἀληθῆ
1185 1091 1233 1177 spi
1251 1089 1360 1175 ἐγκλή-

268 1211 356 1270 ματι.
406 1185 501 1254 τοῦτο
529 1184 668 1273 γὰρκαὶ
697 1195 763 1263 τοῖς
784 1188 969 1263 ἐπισκόποις
1007 1188 1165 1258 ἀκουσθέν
1197 1190 1253 1256 καί
1275 1189 1362 1278 αὐτῷ

242 1291 402 1369 όβασιλιῖ
421 1288 574 1354 δέδοκταί
589 1311 623 1352 τε
641 1289 697 1356 καῖ
719 1287 954 1376 ἀποπέφανται.
986 1287 1057 1354 δέον
1077 1288 1138 1377 γὰρ
1161 1289 1257 1357 αότόν
1276 1296 1361 1376 θαρ-

270 1397 339 1475 ρεῖν
369 1393 426 1456 καῖ
460 1395 516 1475 τῆς
550 1391 638 1475 δίκης
659 1389 738 1456 τόθι)
757 1398 879 1476 χωρεῖν
912 1391 968 1456 καὶ
992 1395 1093 1477 ζητεῖν
1121 1391 1194 1469 roric
1214 1391 1364 1479 ἐλέγχους

270 1491 327 1556 καὶ
347 1490 391 1568 ώς
405 1496 538 1574 ψευδεῖς
550 1491 607 1567 τὰς
631 1496 822 1579 κατηγορίας
843 1493 992 1580 ἐλέγχειν,
1015 1493 1103 1580 εἴπερ
1119 1495 1206 1583 αὐτῷ
1225 1519 1260 1580 γε
1282 1496 1363 1580 ἐνῆν,

269 1590 289 1656 δ
312 1594 342 1658 δ’
365 1594 516 1679 ἐμφανῶς
540 1594 759 1679 φυγοόικὴσας
773 1595 828 1660 ἐπὶ
847 1593 905 1672 τοὶς
922 1593 1059 1672 ἀτόπους
1077 1601 1235 1685 κατέφυγε
1257 1597 1363 1660 λοιδο-

270 1696 353 1777 ριάς,
376 1690 485 1779 ώσπερ
508 1693 626 1771 εἰώθει,
650 1698 706 1761 καῖ
723 1695 795 1772 τοὺς
817 1695 910 1760 οὐδὲν
926 1695 1012 1782 αὐτῷ
1033 1701 1257 1774 συντελοῦντας
1281 1697 1493 1784 domim·-

225 1791 407 1877 ιυρισμοός
427 1791 471 1871 ώς
490 1798 548 1879 τῆς
567 1796 742 1880 ἐνεστώσης
764 1795 917 1881 αἰσχύνης
939 1796 1155 1882 προκάλυμμα
1185 1799 1241 1864 καί
1263 1799 1364 1884 πρόσ-
1416 1790 1438 1830 7

269 1918 384 1979 καιρον
406 1891 576 1982 ιῖποφυγην
595 1898 652 1979 τῆς
676 1896 820 1981 όνόγιιηςι
876 1899 931 1962 ἐπὶ
964 1895 1002 1981 δὴ
1032 1898 1155 1974 τούτοις
1176 1898 1365 1984 δεδογμένον

269 1999 367 2075 ένιόις
385 2002 448 2063 τών
466 1997 647 2062 ἐπισκόπων
669 2000 802 2085 κατέστη
823 2007 893 2077 ταῖς
907 2002 1029 2076 ἀδίκοις
1047 2001 1167 2068 ἐκείνου
1189 2001 1365 2086 λοιδορίαις
1452 2007 1455 2016 ⁴

265 2088 328 2162 ¹sectr*
350 2106 417 2174 τοῖς
438 2098 632 2186 ώιγορισμοῖς
654 2102 798 2177 δικαίους
821 2101 1005 2178 ἀντιθεῖναι,
1030 2101 1085 2166 καῖ
1106 2101 1295 2188 καθαιρέσει
1313 2123 1364 2164 τε-

271 2201 343 2288 λείᾳ
363 2199 586 2286 παραπέμψαι
614 2197 668 2264 τόν
703 2197 839 2285 ἄσεμνον
861 2204 979 2268 ἐκεῖνον
1006 2202 1062 2267 καί
1082 2205 1123 2290 τῇ
1145 2203 1290 2292 ἀσελγείᾳ
1311 2203 1366 2286 τῆς
1392 2207 1395 2214 ’

229 2301 408 2387 λόγλώπης
430 2300 483 2365 det
503 2303 815 2386 ἐγκαλλωπιζόμενον
831 2307 953 2388 μᾶλλον
975 2299 994 2388 ἢ
1017 2303 1255 2388 αἰσχυνόμενον.
1299 2300 1366 2366 ἀλλ’

269 2401 320 2470 ότι
342 2402 388 2487 μὴ
408 2404 465 2468 καὶ
481 2406 614 2485 βασιλεῖ
642 2405 829 2489 δεδογμένον
856 2409 938 2470 τοῦτ’
967 2401 1007 2491 ἦν
1027 2405 1214 2491 ματαιότητι
1234 2405 1290 2472 καῖ
1310 2427 1365 2487 νη-

270 2504 385 2571 πιώδει
404 2502 590 2592 μωρίᾳτῆν
611 2502 683 2590 ἴσην
715 2504 875 2570 ἀντίδοσιν
905 2509 995 2592 δρᾶν,
1029 2511 1062 2573 ἐν
1082 2505 1229 2592 μετεώρῳ
1251 2501 1291 2570 τὰ
1311 2503 1366 2588 τῆς
1462 2513 1464 2518 ’

272 2607 363 2690 δίκης
384 2604 592 2689 ἀποκέκριται
619 2604 718 2691 μέχρι
747 2610 802 2690 τῆς
821 2610 890 2694 ιτοῖν
922 2609 1170 2694 προκληθέντων
1186 2603 1367 2672 ἐπισκόπων

271 2706 446 2789 ἐκδημίας·
459 2702 478 2770 δ’
489 2727 525 2788 γε
546 2703 609 2789 μὴν
631 2708 833 2792 πατριάρχης
852 2706 983 2783 τόςτών
997 2709 1152 2774 πλείστων
1176 2704 1366 2792 δυσφήμους
1377 2717 1433 2769 10

221 2805 504 2889 υθαῖσχυνόμενυς
528 2804 647 2885 risorio,
679 2806 760 2872 οἴκοι
779 2808 814 2873 τό
837 2809 993 2894 παράπαν
1016 2809 1165 2894 όπρόιτος
1187 2807 1289 2890 ἔμεινε
1311 2806 1367 2869 τοῦ
1508 2805 1511 2811 ’

268 2909 405 2984 λοιποῦ,
442 2906 589 2984 ἀπειλαῖς
622 2909 849 2993 παραπέμπων
879 2907 918 2974 τό
948 2911 1102 2992 μέλλοντα
1129 2909 1281 2972 πλείοσιν.
1324 2907 1367 2969 ἐῶ

268 3007 334 3093 γὰρ
356 3007 457 3091 λέγειν
478 3005 540 3074 ὅσα
553 3009 595 3094 τῇ
617 3009 754 3094 δυσηνίηι
776 3003 894 3073 ἑαυτοῦ
912 3007 1031 3094 γλώττῃ
1054 3006 1293 3092 παραδεδωκώς
1311 3004 1367 3090 τὴν

270 3107 418 3174 διάνοιαν
453 3107 642 3194 ἔξηρεῖξατό
667 3131 701 3173 τε
729 3108 785 3174 καῖ
822 3107 1045 3196 λελοιδόρηκεν
1076 3105 1209 3191 ἄσεμνα.
1261 3105 1368 3193 γέγονα

271 3415 359 3469 sisset
386 3420 412 3467 et
439 3412 574 3466 effecisset
593 3419 686 3466 eontra
715 3427 845 3465 munuum
871 3419 898 3464 et
924 3412 1013 3484 legum
1042 3413 1158 3466 omnium
1175 3413 1369 3480 auctoritatem,

272 3489 333 3554 ipse
357 3501 455 3539 revera
480 3500 509 3536 se
534 3485 652 3536 criminis
678 3485 786 3537 noxium
813 3485 979 3537 monstravit.
1030 3485 1110 3556 idque
1138 3485 1272 3554 episcopis
1291 3486 1369 3538 etiam

274 3573 354 3626 quum
373 3557 512 3610 audissent
532 3564 560 3608 et
577 3557 627 3622 ipsi
647 3557 706 3624 regi
727 3557 763 3607 itu
785 3557 926 3609 manifesto
946 3557 1031 3610 visum
1051 3565 1109 3622 est,
1128 3557 1290 3609 necessitate
1310 3572 1369 3610 eum

273 3635 395 3683 coactum
414 3628 535 3681 fiduciam
555 3626 606 3680 sibi
624 3643 730 3680 sumere
752 3635 778 3678 et
796 3628 921 3679 iudicium
938 3627 1010 3680 velle
1031 3627 1149 3696 effugere
1169 3636 1196 3681 et
1215 3628 1369 3696 excogitare

273 3699 428 3768 opprobria,
448 3707 475 3750 et
486 3699 618 3767 quomodo
629 3697 698 3750 feisa
709 3698 759 3750 sibi
778 3699 888 3750 crimina
901 3699 970 3750 iacta
991 3715 1050 3752 esse
1061 3715 1210 3769 coarguere
1220 3704 1320 3766 posset,
1342 3707 1369 3750 ot

271 3775 313 3825 sie
331 3771 473 3824 manifesto
488 3785 547 3820 enm
558 3771 722 3822 otiudicium
735 3771 896 3822 detrectaret
907 3771 939 3822 ad
949 3769 1075 3822 absurdas
1093 3773 1204 3824 iniurias
1222 3769 1369 3837 confugere

272 3841 346 3898 etad
361 3857 434 3893 cassa
452 3848 479 3892 et
491 3855 560 3892 nana
575 3837 716 3892 schismata
734 3857 802 3910 qnae
812 3857 901 3894 novae
913 3843 996 3910 ipsius
1009 3843 1171 3910 ignominiae
1184 3849 1306 3912 tanquam
1318 3856 1370 3893 re.

270 3914 364 3968 lamini
379 3920 478 3976 esseut,
497 3920 523 3964 et
538 3913 633 3980 quibua
644 3921 817 3979 opportunam
831 3913 942 3964 haberet
955 3913 1042 3982 sugam
1053 3915 1231 3966 necessitatis.
1252 3927 1370 3981 quopro-

270 3995 333 4055 pter
341 3983 478 4035 nonnullis
491 3984 625 4051 episcopis
643 3985 728 4035 visum
741 3992 790 4048 est,
806 3985 910 4037 iniustis
928 3986 985 4038 eius
998 3983 1149 4053 opprobriis
1161 3993 1187 4036 et
1198 3983 1369 4038 chismatibus

270 4059 341 4110 iusta
352 4069 488 4122 opponere
502 4070 614 4123 eumque
626 4055 725 4124 quippe
734 4063 787 4106 tam
800 4056 946 4124 improbum
961 4064 987 4106 et
1000 4057 1149 4108 temeritate
1161 4054 1270 4126 linguae
1281 4056 1369 4108 conti.

270 4143 326 4181 nuo
340 4141 419 4193 supre
430 4141 534 4178 omnem
546 4127 673 4192 pudorem
686 4126 894 4193 superbientem,
904 4143 936 4178 cx
948 4129 1011 4180 sede
1021 4142 1068 4180 sua
1086 4135 1142 4178 tota
1154 4127 1302 4196 depellere.
1322 4127 1369 4180 sed

271 4214 351 4270 quuru
371 4212 425 4249 nou
444 4198 501 4265 regi
522 4199 607 4248 visum
628 4204 717 4262 esset,
736 4199 814 4249 vanis
832 4197 956 4250 consiliis
984 4205 1011 4250 et
1031 4197 1129 4265 puerili
1150 4199 1300 4250 dementiae
1319 4213 1370 4266 pa-

270 4287 327 4324 rem
349 4269 493 4320 antidotum
512 4283 659 4336 opponere,
679 4268 804 4320 iudicium
823 4285 979 4337 suspensum
997 4269 1156 4322 dilatabatur
1174 4270 1261 4322 duuee
1281 4272 1369 4324 vocati

270 4341 392 4409 episcopi
415 4341 616 4392 convenissent.
661 4339 813 4408 patriarche
841 4342 924 4409 igitur
950 4357 1028 4409 quum
1056 4347 1108 4392 tam
1138 4339 1281 4393 multorum
1310 4357 1369 4392 eum

268 4411 470 4467 maledictorum
485 4411 607 4477 puderet,
628 4410 698 4462 domi
717 4426 747 4462 se
763 4411 894 4474 continuit
912 4427 961 4478 per
980 4411 1112 4480 reliquum
1125 4419 1239 4480 tempus,
1261 4411 1368 4464 omniuo

268 4481 413 4553 negligens
440 4482 601 4533 minutiones
624 4498 723 4551 easque
742 4481 897 4550 repellens3
926 4484 1001 4534 mitto
1021 4484 1089 4534 enim
1112 4483 1218 4547 dicere,
1238 4484 1369 4552 quomodo

268 4559 294 4608 is
311 4560 426 4604 mentem
446 4567 518 4605 suam
537 4553 680 4605 indomitae
695 4551 805 4622 linguae
823 4553 991 4607 concesserit
1009 4563 1035 4606 et
1054 4553 1105 4606 hoc
1120 4551 1199 4604 modo
1218 4554 1369 4621 turpissima

270 4624 434 4704 eructaverit
460 4631 487 4677 et
510 4621 651 4680 maledicta
678 4625 837 4694 profuderit.
875 4633 933 4678 orta
952 4631 1039 4680 autem
1059 4633 1100 4679 est
1119 4623 1227 4680 consilii
1244 4627 1366 4700 penuria.
