3675 5592
386 670 610 753 maroniae
633 614 892 770 aminnium
907 693 1029 760 xxxv.
1053 678 1237 763 iss-ii.
1295 623 1374 782 iod,

268 847 390 956 τροπήν
412 853 490 914 ποθ
517 846 685 934 ἀπομένειν
716 849 867 936 ἡντινοῦν.
922 857 950 920 εἰ
970 853 1032 942 γάρ
1052 855 1098 942 μὴ
1117 860 1200 924 τοῦτ’
1225 856 1284 947 εἴη,
1305 885 1394 924 κω·Ι
1478 907 1480 910 -

275 949 365 1014 λόσει
384 952 448 1016 coir
469 950 595 1021 πόντων
614 951 708 1017 οῦδὲν
727 952 809 1040 πρός
834 955 983 1039 ἀσέβειαν
1009 957 1094 1040 ἔχειν
1114 959 1296 1046 ἀπιρρεποῦς
1319 961 1371 1028 ἀεί

272 1052 326 1117 καὶ
353 1051 477 1139 νῦκτωρ
508 1054 659 1135 τισόμεθ’
688 1053 813 1140 ἡμέραν
839 1062 1023 1124 κλονεῖσθαι
1042 1061 1098 1126 καί
1120 1061 1371 1146 περιτρέπεσθαι

271 1153 374 1216 πάντα
395 1151 476 1230 τινά,
497 1154 646 1240 καθάπερ
672 1155 900 1240 ἀνερμάτιστον
923 1159 1045 1246 σκάφος
1067 1161 1119 1246 ἐφ’
1141 1157 1246 1246 ῦγροῦν
1269 1162 1368 1227 ἀστα-

247 1256 387 1340 teodone
418 1258 586 1344 θαλάσσης
618 1259 767 1346 κυμάτων
786 1263 1053 1344 ταλαντευόμενον
1084 1264 1136 1349 ἐφ’
1159 1257 1292 1348 ἑκάτερα
1314 1261 1370 1328 καί

271 1358 439 1435 παντοίαις
460 1359 586 1441 ἀνόμων
614 1370 726 1438 πνοαῖς
748 1361 902 1446 ἀγόμενόν
921 1383 954 1426 τε
981 1362 1037 1428 καὶ
1059 1363 1235 1449 φερόμενον
1263 1369 1368 1448 πλημ-

270 1460 386 1541 μελοῦς.
428 1457 510 1524 κατά
527 1458 589 1546 γάρ
611 1459 666 1526 τόν
694 1461 795 1547 με’γαν
815 1462 1004 1540 Βασίλειον,
1030 1461 1126 1540 εἴτις
1150 1464 1435 1547 ἀβασανίστωςη

211 1554 220 1578 “
272 1559 428 1643 προσέχει
451 1569 517 1638 τοῖς
536 1562 714 1648 γράμμασι,
739 1565 819 1648 πρὸς
836 1559 1032 1648 Ἑλληνικούς
1046 1587 1080 1628 τε
1102 1565 1157 1629 καί
1177 1562 1371 1642 Ἰουδαϊκοῦς
1467 1577 1476 1592 ’

273 1656 357 1741 όμοῦ
376 1663 433 1727 καί
451 1663 608 1748 γραοόδεις
629 1665 756 1746 μόθοος
784 1645 1032 1749 deponimur,
1061 1666 1117 1730 καί
1139 1665 1265 1747 πτωχός
1289 1689 1371 1730 παν-

233 1764 371 1839 touton
389 1765 452 1827 τῦν
475 1763 573 1842 ἀξίων
601 1766 676 1849 περὶ
703 1766 782 1829 θεοῦ
812 1765 979 1849 νοημάτων
1009 1765 1235 1852 καταγηρόσει.
1290 1763 1372 1830 ἀλλά

271 1866 318 1950 τῷ
339 1860 384 1948 γεΙ
399 1866 530 1929 διπλοῦν
548 1889 583 1930 τε
611 1865 667 1931 καὶ
694 1865 844 1930 σόνθετον
867 1863 1008 1949 ἀκριβῶς
1035 1867 1089 1930 τὸν
1111 1865 1256 1952 Χριστόν.
1273 1869 1371 1952 ἀγνω-

272 1965 341 2028 κότι
364 1965 430 2047 μὲν
443 1966 477 2029 ἐκ
494 1968 557 2029 coir
568 1969 685 2031 θεῒκεῦν
695 1967 751 2030 νῦν
764 1967 791 2030 δ’
804 1966 839 2028 ἐκ
856 1967 919 2029 τοῦν
935 1964 1201 2050 ἀνθρωπίνων
1217 1964 1372 2051 δηλοῦοης
1474 2005 1488 2024 =
1549 1985 1555 2002 ·

271 2061 307 2129 τό
330 2065 572 2150 συναμφότερον
580 2113 589 2142 ,
620 2065 658 2129 οῦ
686 2064 769 2151 μέγα
791 2062 883 2149 ἔργον
911 2061 953 2128 τοὶ
970 2065 1031 2146 μὲν
1051 2061 1163 2148 depici
1183 2067 1224 2150 τῇ
1245 2063 1371 2148 θεότητι

272 2164 401 2248 νέμειν,
428 2162 469 2228 τό
500 2169 529 2230 δ’
550 2163 706 2252 ἀφειμένα
734 2167 775 2252 τῇ
809 2164 1045 2250 ἀνθρωπότητι·
1100 2166 1156 2230 καί
1176 2163 1252 2232 ὅταν
1274 2162 1370 2251 ἀκούῃ

231 2262 373 2348 15“σάρξ
393 2288 427 2330 τε
448 2261 466 2330 d
488 2265 580 2351 λόγος
601 2266 738 2351 ε’γένετο”
756 2267 813 2332 καί
830 2261 926 2342 αῦθις
944 2263 1070 2352 “όλίγαι
1092 2265 1219 2352 ῥανίδες
1240 2265 1373 2350 αἵματος

273 2368 354 2429 θεοῦ
370 2366 489 2448 κόσμον
510 2365 584 2432 ῦλον
606 2364 769 2452 ῦγιασαν,”
801 2365 838 2432 οῦ
858 2365 1037 2451 μεταβολὴν
1058 2367 1132 2432 οῦδὲ
1151 2365 1271 2454 τροπὴν
1291 2365 1373 2444 ῦλως
1595 2445 1596 2449 ¹

272 2464 475 2550 ἀπολήψεται
507 2469 580 2552 τῆς·
598 2470 755 2553 θεότητος.
807 2469 874 2533 οὐδ’
904 2467 955 2535 ὅτε
984 2472 1063 2534 θεοῦ
1094 2468 1165 2535 υἱὸν
1193 2467 1437 2545 derodendo„
1530 2500 1545 2552 γ

276 2563 460 2652 ἄνθρωπον,
482 2572 552 2656 θεῷ
574 2567 713 2656 φυσικὴν
744 2571 885 2656 ἀννοησει
916 2569 973 2656 τὴν
1000 2570 1087 2635 κάτιά
1118 2572 1271 2657 γέννησιν.
1318 2570 1373 2636 ναὶ

273 2665 339 2752 μην
360 2666 434 2734 οῦδὲ
452 2671 704 2756 μεταμόρφωσιν
721 2671 859 2750 ἀκοῦσας
878 2680 946 2748 τοῖς
966 2675 1029 2737 τιῦν
1048 2673 1266 2756 είκσνομόχων
1287 2671 1371 2738 ῦπα-

226 2780 265 2836 20
272 2769 433 2853 χθήσεται
448 2769 562 2855 λόγοις,
584 2768 666 2836 ὥστε
681 2766 861 2857 μεταβολὴν
875 2773 931 2838 καί
952 2771 1073 2859 τροπὴν
1085 2771 1205 2858 σαρκός
1218 2774 1262 2849 εἰς
1286 2769 1372 2838 ἀκτι-

275 2894 350 2936 στον
370 2870 582 2955 ἐννενοηκέναι
603 2873 738 2956 θεότητα
761 2870 781 2956 ἢ
803 2874 951 2959 θεότητος
970 2875 1188 2958 μετουσίωσιν
1212 2877 1257 2950 εἰς
1279 2870 1371 2962 alpec-

272 2971 373 3055 μένην
392 2972 447 3038 καί
471 2973 686 3040 ἀνυπόστατον
709 2972 806 3061 ἀλλην
829 2977 884 3040 καὶ
904 2975 1052 3040 ἀνσόσιον
1068 2976 1205 3060 θεότητα
1226 2975 1306 3040 κατὰ
1318 2972 1372 3038 τόν

274 3073 453 3154 Παλαμῦν.
467 3074 495 3138 εἰ
510 3075 545 3139 δὲ
556 3078 649 3139 τοῦθ’
657 3074 749 3154 οὕτω,
764 3077 873 3163 πολλοῦ
884 3077 1007 3158 μᾶλλον
1021 3075 1089 3141 ocid'
1105 3073 1157 3142 ότι
1169 3075 1264 3155 δόξαν
1277 3073 1372 3137 ἀκοῦ-

274 3405 417 3459 riationem
445 3413 490 3457 sot
513 3406 685 3460 mutationem
712 3406 794 3460 uliam
812 3406 933 3460 subesse.
983 3406 1053 3476 quod
1082 3406 1105 3459 si
1132 3421 1186 3459 non
1206 3413 1287 3473 esset,
1305 3405 1374 3460 nibil
1455 3449 1457 3456 ,

277 3479 384 3530 omnino
402 3477 550 3544 impediret,
570 3479 710 3546 quominus
728 3480 760 3531 ad
779 3479 942 3546 impietatem
969 3477 1148 3546 propenderet
1168 3485 1194 3530 ei
1213 3477 1257 3531 diu
1275 3488 1374 3532 noctu.

277 3565 331 3619 que
349 3549 566 3600 circumferretur
586 3552 783 3613 miseraretur,
803 3557 832 3600 ot
850 3550 936 3601 inanis
955 3551 1033 3601 navia
1057 3553 1204 3602 aestuantis
1223 3549 1373 3604 mariadu-

276 3621 364 3673 etibus
392 3621 445 3670 boe
470 3619 537 3670 illoc
557 3621 653 3673 iactata
682 3629 709 3673 ei
726 3621 816 3672 multis
834 3622 923 3688 ventio
942 3623 1040 3690 agitatu
1066 3627 1093 3672 et
1112 3621 1139 3672 in
1158 3623 1304 3687 perniciem
1322 3623 1374 3674 du.

276 3701 329 3746 cia.
368 3693 475 3755 etenim,
497 3698 527 3742 nt
546 3693 584 3743 ait
604 3708 714 3761 maguus
732 3692 866 3756 Basilius,
894 3693 996 3760 siquis
1025 3699 1126 3744 temere
1144 3692 1176 3743 ad
1196 3694 1294 3760 scripta
1313 3693 1374 3743 ani.

274 3780 345 3816 mum
365 3762 494 3825 attulerit,
513 3763 545 3813 ad
561 3762 722 3826 Graecorum
745 3765 955 3832 ludaeorumque
977 3761 1080 3814 lobbias
1100 3763 1241 3830 perveniet
1260 3771 1286 3812 et
1306 3777 1374 3829 ege.

273 3851 327 3889 nna
345 3836 426 3902 digna
446 3833 490 3885 dei
509 3836 666 3904 cognitione
684 3837 811 3887 senescit.
850 3835 897 3886 sed
916 3835 952 3898 ei,
972 3836 1016 3902 qul
1037 3833 1172 3901 duplicem
1193 3842 1219 3884 et
1236 3834 1374 3900 composi..

274 3916 330 3960 tum
347 3921 383 3957 ea
401 3907 494 3957 diuino
516 3914 543 3957 et
571 3906 683 3957 humano
703 3907 878 3974 compositum
898 3905 1030 3960 Christum
1047 3903 1211 3968 intellexit,
1234 3919 1286 3955 non
1316 3918 1375 3954 ma-

274 3993 357 4049 gnum
376 3992 443 4043 opus
463 3984 519 4041 est,
538 3977 649 4046 grandia
666 3978 757 4029 deitati
777 3977 912 4042 tribuere,
931 3977 1019 4028 inlima
1038 3975 1201 4028 humanitati.
1240 3981 1266 4024 ei
1282 3975 1305 4025 si
1324 3989 1374 4024 au.

273 4050 357 4103 dierit
375 4062 455 4099 uearo
474 4048 571 4099 iactum
590 4056 632 4099 est
648 4049 788 4112 verbum‚”
807 4058 833 4100 et
851 4063 943 4101 rursus
964 4046 1126 4099 “nonnullae
1138 4046 1221 4098 divini
1237 4043 1374 4113 sanguinis

273 4128 368 4192 guttae
386 4121 539 4171 uuiversum
556 4120 678 4171 mundum
700 4120 845 4172 sanardot”
869 4135 923 4172 non
946 4121 1119 4170 mutationem
1136 4124 1181 4169 aut
1199 4117 1373 4169 variationem

274 4193 384 4246 omuino
404 4191 510 4243 deitatis
530 4206 590 4243 esse
609 4193 737 4242 coniiciet
754 4206 806 4243 nec
827 4187 872 4243 ibi
898 4191 941 4243 dei
958 4191 1041 4243 fllium
1059 4190 1132 4240 addit
1151 4203 1210 4240 ease
1230 4187 1373 4251 hominem,

213 4294 215 4296 ·
274 4266 328 4318 deo
354 4263 500 4314 naturalem
528 4263 612 4314 luisse
633 4264 768 4332 'originem
787 4263 932 4330 intelliget.
976 4263 1039 4330 quin
1061 4262 1140 4311 etiam
1164 4261 1186 4310 si
1212 4259 1246 4310 de
1265 4257 1374 4310 transii.

274 4336 419 4405 guntione
438 4335 562 4398 audierit,
582 4350 635 4386 non
655 4335 888 4386 iconomachorum
908 4333 986 4386 dictis
1006 4333 1164 4398 decipietur,
1182 4331 1219 4382 ita
1238 4339 1266 4382 ot
1285 4337 1374 4380 muta.

274 4411 378 4461 tionem
398 4414 425 4458 et
441 4409 617 4460 variationem
639 4409 726 4459 carnis
745 4409 772 4459 in
792 4403 935 4458 increatum
948 4407 1073 4457 deitatem
1086 4403 1230 4470 intelligat,
1249 4407 1294 4454 aui
1313 4401 1374 4454 dei.

169 4476 173 4485 ’
274 4480 343 4533 tatis
361 4478 683 4531 transsubstantiationem
703 4480 730 4531 in
750 4479 897 4532 subiectam
918 4484 945 4528 et
963 4473 1191 4528 insubstantialem
1216 4473 1326 4525 alteram
1347 4479 1374 4524 ei

226 4546 237 4559 ⁸
273 4549 477 4604 inessentialem
497 4551 621 4602 deitatem
635 4552 778 4605 seeundum
790 4550 930 4604 Palamarn.
968 4547 1037 4616 quod
1056 4550 1079 4599 si
1097 4549 1133 4598 ita
1153 4554 1201 4608 est,
1221 4543 1303 4596 multo
1322 4545 1374 4596 mi.

273 4633 329 4675 nas
347 4620 392 4673 nbi
414 4621 527 4692 pieriam
546 4622 651 4677 deitatis
670 4623 778 4694 paulum
808 4622 968 4692 subopertae
987 4625 1032 4673 aut
1051 4617 1231 4672 subindicatae
1249 4615 1373 4679 audierit,
