3675 5592
506 641 580 715 376
813 647 1040 718 menenont
1072 651 1304 719 Gnuoonsn

505 831 559 873 ται
581 812 763 894 συμμαχῶν
789 809 876 893 σίεί,·
892 807 1004 874 ἔπειτα
1023 809 1079 876 καί
1098 815 1288 903 μεγαλονσίρι
1315 817 1355 902 τῇ
1374 819 1414 900 σῇ
1435 815 1576 899 ου’φυοῖς
1587 836 1613 876 τε

506 908 729 1001 α’ναλεξαμένηι
752 911 790 976 τό
813 915 1050 996 χρειωδέστερα
1066 917 1129 976 τῶν
1144 916 1252 1004 ε’κείνρι
1268 917 1447 996 λεχθέντων
1462 913 1524 978 καί
1542 912 1616 996 τρό-

504 1012 604 1110 πτζαν
624 1011 701 1098 ἡμῖν
718 1011 849 1098 ἡδίστην
881 1015 964 1078 ου’τίι
987 1017 1165 1098 παραθέντι
1185 1014 1426 1100 μεγαλοψύχως
1458 1015 1518 1078 κατ’
1544 1018 1614 1098 δίχα

467 1111 660 1199 β’φορτικοιῑ
683 1109 768 1189 τινός
799 1107 900 1198 ἤθους
929 1113 1058 1191 παντός.
1110 1114 1151 1182 σό
1174 1119 1204 1181 δ’
1226 1119 1259 1182 τί
1274 1114 1406 1198 βοόλιι,
1427 1120 1483 1181 καί
1509 1119 1615 1181 δευτέ-
1644 1116 1645 1119 ’

504 1237 565 1298 ραν
600 1215 673 1296 ἐμοί
716 1213 836 1299 ταύτην
869 1212 983 1302 ἔφεσιν
1004 1216 1084 1300 πρός
1115 1221 1197 1282 θεοῦ
1227 1224 1328 1282 τελεῖν
1369 1219 1629 1302 epicopi-‘iqui

457 1396 460 1404 Ι
503 1311 625 1398 α’κηκοα
646 1312 707 1398 γὰρ
728 1313 785 1378 καί
803 1315 945 1401 Ἰωόσαφ
966 1315 1022 1380 τόν
1042 1314 1359 1417 προβεβασιλευκότα
1383 1321 1614 1402 Καντακουζη-

503 1411 568 1498 νόν,
589 1414 764 1480 α’νιαθέντα
787 1421 860 1481 λίαν
893 1419 948 1482 ἐπί
974 1421 1019 1509 cpi
1040 1420 1072 1482 Γ
1069 1421 1189 1507 ρηγορρῖ
1206 1388 1350 1503 γρόφαϊς
1382 1417 1438 1483 καί
1457 1417 1612 1502 ἱστορίαις

503 1523 643 1598 μακραῖς
665 1513 817 1581 δεδωκότι
840 1515 878 1580 τό
910 1521 966 1599 τῆς
991 1521 1159 1598 διαλίξεως
1179 1520 1318 1602 ταυτησί
1345 1517 1402 1583 καί
1423 1517 1540 1595 α’κοαΐς
1561 1522 1612 1602 δη-

502 1611 633 1696 μδσίαις
662 1617 710 1680 ἐπ’
745 1613 884 1705 αίσχόνη
916 1628 984 1695 τοῖς
1015 1619 1105 1706 α’μφί
1133 1623 1300 1700 Παλαμᾶν
1324 1619 1494 1698 δεδωκότι,
1528 1627 1610 1686 τοῦτ’

504 1701 570 1797 ipa
592 1717 675 1802 μέρη
698 1716 769 1782 τινό
792 1721 854 1782 τῶν
875 1724 1067 1806 γραφέντων
1090 1718 1317 1802 α’ναλαβόντα,
1341 1723 1457 1803 λογίων
1478 1721 1637 1804 δμαθῶνη

467 1812 471 1824 “
503 1809 583 1880 οἴκοι
604 1817 820 1902 συγκροτῆσαι
849 1821 1003 1904 συνέδρια
1037 1825 1178 1904 συνεχῆ,
1205 1825 1261 1884 καί
1284 1815 1461 1903 διαλόγους
1482 1819 1609 1902 α’λόγοτς

501 1919 739 2000 χειροτονῆσαι,
759 1921 909 1985 παιδείαν
925 1923 1077 2009 ἐξαίφνης
1100 1919 1608 2008 δπαιδαγῶγητονέμφυσὴσαντα
1644 1974 1645 2001 ,

502 2019 606 2104 σφίσι,
628 2017 684 2082 καί
704 2021 911 2087 διαλεκτικόν
932 2025 1086 2095 υίνιίδοσιν
1107 2023 1299 2107 αόθημερόν
1320 2018 1441 2088 circui
1468 2048 1606 2109 μηχανη·

503 2117 640 2200 σόμενυν
672 2119 898 2207 αὐτοσχέδιον,
923 2126 981 2188 καί
998 2120 1099 2200 οὕτως
1119 2122 1250 2190 εἰσιόντα
1281 2122 1321 2208 δη
1344 2122 1402 2188 καί
1426 2122 1602 2189 σίκοόσαντι

504 2217 665 2306 λοιδορίας
688 2222 893 2305 παμπόλλους
923 2223 1003 2290 κατὰ
1037 2230 1102 2291 τοόν
1122 2226 1183 2290 τοῦ
1206 2227 1239 2290 Γ
1237 2228 1359 2310 ρηγορυῖ
1381 2223 1544 2311 ῥημάτων
1562 2228 1625 2309 τοίη

503 2321 605 2410 λόγων
626 2323 764 2406 ἐκείνων,
784 2321 900 2390 ταδτόν
923 2326 954 2388 δ’
978 2328 1080 2391 εἰπεῖν
1095 2322 1175 2390 κατὰ
1197 2325 1253 2409 τῆς
1273 2323 1444 2407 εὐσεβείας
1466 2317 1601 2406 όνταρυς

506 2422 617 2509 αὐτῆς,
641 2421 750 2490 ἔπειτα
773 2424 898 2490 πλείοσι
926 2429 1065 2509 βιβλίοις
1087 2411 1177 2492 utic&
1197 2424 1471 2509 ρατεγγρόφαντα
1493 2430 1599 2491 διανεί·

505 2547 567 2606 μαι
595 2534 661 2601 τοῖς
683 2522 908 2613 αἳρεσιιότοις,
931 2531 986 2592 καί
1012 2526 1201 2612 μυρμηκιὰν
1227 2528 1399 2611 λοιδοριῶν
1420 2525 1458 2592 ἐν
1476 2537 1597 2614 γραφαῖς

469 2623 645 2708 ιδσελγοόν
667 2623 724 2711 την
746 2625 900 2712 ταχίστην
921 2631 1171 2712 προστεταχέναι
1196 2628 1361 2710 γενέσθαι.
1394 2625 1469 2704 ἑνός
1488 2631 1522 2692 δ’
1536 2631 1593 2694 εἀί·

505 2728 564 2790 διν
584 2727 640 2790 καί
669 2726 799 2811 ἡμίσεος
822 2730 969 2793 ἐνιαυτοῦ
992 2733 1172 2811 τριβέντας,
1208 2724 1299 2797 κενόν
1321 2727 1377 2792 κατ’
1398 2728 1603 2812 α’νὴνιντονιίφ

504 2827 569 2890 τόν
592 2825 729 2892 ἐλπίδων
749 2829 844 2914 σφίσι
865 2831 963 2912 θέρος
986 2829 1174 2912 δβλιὶστησε.
1224 2831 1281 2892 καί
1300 2826 1340 2892 τό
1363 2829 1421 2911 τῆς
1441 2833 1578 2914 παροψὶς

505 2923 648 3009 δτεχννός
670 2922 811 3012 ἑωρᾶτο·
854 2921 949 2994 όδινε
969 2926 1174 3013 γόρ,>φησίν,
1191 2919 1267 3010 ὅρος
1288 2930 1344 2992 καί
1362 2925 1453 2992 ἔτεκε
1475 2928 1584 3012 μεῖναί

371 3036 456 3098 λλόδ
466 3051 494 3093 τ.
505 3020 664 3116 ἄνθρακες
682 3021 766 3116 η’σαν
786 3031 894 3106 στ’τοδς
915 3027 947 3096 oi
967 3025 1230 3115 προσδοκωμνναι
1250 3027 1426 3116 θησαυροί.
1460 3030 1520 3096 καί
1539 3023 1588 3094 ὅσα

505 3359 627 3430 pientiae
647 3361 747 3428 quippe
769 3359 815 3428 qni
838 3358 951 3428 egregie
975 3357 1216 3410 communicaveris
1240 3373 1347 3410 mecum
1373 3371 1549 3427 quoacunque
1562 3357 1592 3408 ii·

505 3441 609 3486 ciorum
635 3429 710 3484 illins
742 3432 971 3498 praestantissima
997 3437 1059 3483 sust
1084 3428 1183 3499 itiaque
1207 3445 1327 3481 mensam
1355 3429 1424 3481 mihi
1458 3429 1592 3498 apposuerit

504 3503 690 3559 suavissimam
710 3517 770 3554 eum
791 3503 872 3554 animi
890 3502 1075 3570 magnitudine
1094 3508 1121 3552 et
1139 3513 1241 3554 summo
1262 3502 1365 3552 oiiicio.
1403 3509 1434 3553 tn
1446 3502 1547 3554 verosi
1561 3500 1591 3548 ris

504 3575 558 3630 hoc
584 3588 691 3642 quoque
722 3573 834 3626 aiterum
862 3573 929 3624 mihi
957 3587 1084 3640 asponae.
1131 3573 1225 3625 audivi
1252 3573 1323 3624 enim
1347 3588 1443 3640 regem
1470 3570 1590 3638 Iosephus

506 3647 724 3702 Gauianusenum
750 3643 928 3710 vehementer
951 3645 1049 3695 iratum
1068 3643 1208 3712 Gregorac
1234 3644 1280 3712 qui
1306 3643 1409 3708 scripta
1435 3652 1464 3695 et
1485 3642 1589 3693 historias
1644 3672 1645 3679 ν

504 3717 654 3786 longas'da
667 3717 849 3784 disputatione
870 3715 918 3768 iiia
930 3715 1089 3768 confecerat
1107 3723 1134 3765 et
1151 3714 1255 3782 publici
1274 3714 1379 3766 facerat
1396 3717 1465 3766 iuris
1482 3714 1508 3765 in
1527 3715 1589 3780 ἰςνι-

504 3791 613 3843 minium
638 3787 801 3841 asseclarum
822 3786 964 3851 Palamae,
992 3803 1007 3837 e
1034 3785 1112 3838 libria
1143 3787 1273 3855 quaedam
1298 3784 1419 3852 elegisse
1437 3785 1542 3837 etiomi
1556 3785 1589 3833 is-

505 3867 654 3929 terpretum
673 3859 843 3912 indoctorum
862 3857 1036 3910 conclamatis
1055 3858 1189 3924 synedriis
1208 3856 1297 3924 plenis
1326 3865 1354 3909 et
1372 3857 1509 3908 advocatis
1526 3854 1589 3904 tico-

504 3931 578 4002 logia
594 3930 763 3995 amentibus,
784 3930 877 3982 horum
906 3944 959 3996 ope
983 3937 1097 3996 repente
1122 3929 1257 3980 doctrinas
1285 3929 1407 3980 indoctas
1433 3927 1554 3979 conflasse
1569 3930 1589 3972 et

507 4003 602 4056 eodem
621 4003 665 4054 die
683 4003 723 4054 sic
741 4017 893 4056 sermonum
914 4001 1112 4068 expositionem
1132 4015 1168 4050 ex
1182 4007 1305 4066 tempore
1327 3999 1493 4051 instituisse:
1509 3995 1588 4047 deinde

505 4091 565 4128 enm
596 4081 735 4142 postquam
766 4074 878 4124 dixisset
909 4081 937 4123 et
970 4071 1119 4123 audivisset
1144 4071 1269 4122 convicia
1296 4070 1380 4122 muita
1408 4073 1437 4122 in
1465 4070 1586 4133 ῦτοςοπσ

504 4161 612 4214 unaque
634 4146 673 4197 sic
692 4145 720 4199 iu
738 4145 822 4212 ipsam
843 4146 901 4196 eius
920 4144 1065 4211 pictatem,
1087 4141 1155 4194 hace
1175 4142 1298 4210 pluribus
1317 4139 1394 4193 libris
1414 4138 1585 4204 conscripsisse

505 4217 654 4270 attenditis
674 4216 716 4267 his
735 4217 763 4267 in
784 4229 877 4266 manus
898 4213 1095 4266 haereticorum
1113 4215 1226 4265 iussisse
1244 4227 1322 4282 quam
1343 4213 1485 4263 celerrime
1501 4207 1585 4260 turim

504 4287 689 4342 conviciorum
709 4287 922 4353 turpissimorum
949 4287 976 4336 iu
996 4286 1104 4351 scriptis
1129 4285 1211 4336 efflei.
1249 4285 1297 4336 sed
1316 4297 1386 4335 nnnc
1406 4297 1461 4334 nno
1478 4297 1506 4331 ac
1521 4277 1583 4329 diui-

504 4359 549 4410 dio
567 4357 752 4438 praeterlapso
775 4358 862 4409 iuauis
889 4366 915 4409 et
940 4357 1084 4408 infecunda
1103 4357 1332 4423 exspectationum
1357 4362 1447 4406 aestus
1471 4352 1502 4403 iis
1520 4348 1583 4399 eiiu-

506 4430 571 4492 ruit,
593 4437 620 4481 et
637 4429 708 4498 quoti
728 4436 770 4480 est
787 4429 815 4480 in
834 4428 981 4498 proverbio
993 4427 1060 4480 iilud
1071 4429 1245 4496 conspicuum
1260 4433 1334 4479 erat:
1354 4422 1513 4492 parturiebat
1528 4420 1581 4470 euin

505 4507 536 4553 ut
555 4499 630 4552 aiunt
647 4515 724 4552 mous
741 4507 768 4550 et
788 4503 883 4568 genuit
902 4515 1023 4564 murem3
1042 4507 1070 4550 et
1086 4501 1115 4551 in
1134 4497 1265 4551 carbones
1285 4495 1407 4548 abierant
1419 4493 1528 4547 thesauri
1543 4503 1580 4538 ιε·

505 4569 637 4644 spectatu
665 4577 779 4641 atquae
799 4571 832 4626 da
859 4571 1012 4627 huiusmodi
1031 4585 1096 4625 cusu
1116 4569 1271 4625 ferebantur
1287 4567 1434 4638 proverbia
1451 4562 1524 4618 iaciie
1541 4560 1580 4611 iu
