3675 5592
1504 625 1511 660 i

469 671 521 752 so
690 627 693 632 ’
773 671 999 748 numerous
1027 666 1260 742 οιιοοιιιο

471 841 593 916 τοότοις
623 836 758 914 ,ὁλκάδες
785 841 1036 905 σνσκευασδτίον
1066 833 1097 912 ’ἐξ
1129 837 1192 896 τάν
1214 831 1297 896 πάνυ
1319 829 1484 913 μεγίσταν,
1505 855 1563 912 μη.
1677 820 1678 829 ’

470 941 574 1026 χανάς
596 940 796 1016 παντοδαπάς
819 942 873 1004 κατ’
893 933 1023 1012 ὁπλίτας
1046 936 1367 1020 α’ρίστοοςφέρουσαι
1389 934 1563 1012 πλείστους,

471 1048 593 1129 καίριον
628 1037 689 1128 ἤδη
720 1045 909 1124 νομισθῆναι
940 1047 1005 1124 τοῖς
1034 1032 1134 1101 δίπασι
1160 1036 1277 1109 πάσαις
1310 1032 1391 1115 ὁμοῦ
1414 1029 1566 1113 δυνάμεσι
1607 1027 1620 1050 ‘

471 1143 735 1268 προσελάσαντος
754 1143 983 1208 κυκλώσασθαι
1011 1137 1047 1202 τό
1082 1140 1238 1223 φρούριον
1277 1135 1468 1260 αόδρμερόν.
1516 1135 1568 1198 κατ’

450 1247 592 1315 -τοότσιν
617 1243 735 1310 coruos*
758 1246 986 1328 πεπραγμένων
1021 1240 1201 1323 ἀνυσθῆναι
1224 1239 1316 1323 σφίσι
1339 1237 1477 1321 μηδέν’
1457 1237 1589 1320 popm-5

472 1373 575 1432 τιμον,
597 1347 641 1422 ὥς
663 1345 838 1428 ἀπογνόντα
861 1343 973 1408 λοιπόν
995 1339 1047 1407 τόν
1071 1345 1127 1423 τῆς
1148 1342 1298 1422 ναυτικῆς
1319 1341 1381 1404 τάν
1394 1340 1569 1404 Reuersus

471 1451 637 1532 δυνάμεως
664 1449 827 1529 ναόαρχσν
857 1449 913 1510 τοῦ
941 1450 1000 1525 μέν
1022 1447 1161 1523 πολέμου
1190 1441 1341 1522 διάδοχον
1363 1427 1492 1526 ἐφεῖναι
1515 1435 1569 1504 τόν

470 1553 626 1632 βασιλέα,
662 1547 759 1612 αότόν
793 1550 828 1610 δέ
857 1547 1004 1627 μαθόντα
1034 1539 1093 1628 ἤδη
1116 1546 1171 1607 κατ’
1197 1538 1338 1624 τριήρεις
1361 1537 1397 1604 ἐκ
1417 1543 1448 1604 Γ
1445 1561 1570 1614 εννσυας

415 1689 423 1703 ·
471 1649 617 1776 ὲξηκογτα
643 1647 731 1733 παρά
760 1651 866 1712 πᾶσαν
894 1648 1094 1762 όναγομένσς
1110 1646 1246 1724 ἐλπίδα,
1272 1638 1361 1716 όλαις
1392 1635 1571 1725 ἀναχωρεῖν

473 1753 626 1836 πορείαις.
1579 1762 1609 1816 1⁰
1677 1816 1678 1825 ,

406 1863 460 1918 21
557 1850 676 1920 Ιίαιι
655 1881 674 1918 α
703 1855 761 1935 μὲν
794 1851 946 1934 α’μυδραῖς
979 1850 1079 1925 αότός
1101 1845 1262 1932 ἤκηιιόειν,
1297 1839 1481 1931 ἔκδημος’
1454 1870 1499 1909 oss
1519 1847 1571 1927 τῆς
1677 1928 1678 1935 ,

474 1956 635 2038 πατρίδος,
656 1958 744 2020 ταῦτ’
775 1951 878 2018 ἐστίν·
923 1950 1018 2025 αιἰὸς
1047 1952 1079 2015 δ’
1097 1944 1136 2014 όν
1156 1973 1211 2031 μοι
1232 1953 1334 2032 λέγοις
1355 1949 1573 2031 τιίληθέστεριί

472 2080 505 2123 το
533 2059 589 2121 κατ’
608 2051 801 2138 βεβαιότερα
829 2057 891 2120 τοῖν
913 2055 1071 2119 ἐνταυθοῖ
1088 2055 1317 2137 πεπραγμένων
1348 2053 1495 2131 ἐκείναιν,
1521 2054 1574 2134 τῆς
1677 2082 1678 2115 ;

473 2153 664 2242 α’ρηγῆσεοος
685 2153 874 2240 προῖοόσης,
893 2153 1077 2238 προστιθείς
1106 2156 1140 2218 έν
1169 2153 1272 2238 ταότρῖ
1296 2150 1350 2216 κατ’
1369 2150 1408 2216 τά
1432 2153 1497 2216 τῶν
1519 2174 1575 2215 sse-

424 2295 427 2306 ·
473 2261 660 2342 πραγμένων
681 2255 779 2322 αἴτια.
824 2258 880 2320 νῦν
903 2257 932 2318 δ’
955 2247 999 2320 οἷν
1019 2254 1117 2330 ου’τός
1139 2253 1302 2339 ου’τόπτρς
1322 2249 1395 2338 ἑξῆς
1420 2250 1574 2338 ἐγενόμην
1584 2264 1612 2318 15

474 2357 542 2424 ἐκεῖ
560 2356 681 2440 παριόν,
704 2349 770 2438 εἶμι
793 2355 986 2440 διαναστὰς
1007 2355 1122 2421 ου’τίιια
1145 2356 1201 2421 τόν
1220 2357 1406 2436 λεπτότερον
1429 2353 1486 2420 καί
1505 2354 1575 2418 καθ’
1677 2418 1678 2441 ,

473 2464 588 2526 §sacro
609 2459 737 2542 τρόπον.
770 2454 1005 2542 ἐπαναληπτέον
1030 2462 1137 2522 τοίνυν
1158 2457 1214 2524 τόν
1236 2455 1326 2540 λόγον
1350 2451 1414 2546 ὅπη
1436 2454 1473 2522 τό
1497 2457 1577 2539 πρό·
1677 2502 1678 2527 ,

474 2583 565 2646 repes
586 2557 674 2644 ἴχνος
697 2561 906 2642 ἐλιπομον,
891 2585 944 2624 ινα
961 2556 994 2624 τά
1013 2563 1071 2641 τῆς
1090 2559 1233 2642 όστοριας
1259 2561 1402 2644 συναφὲς
1436 2556 1497 2644 τὴν
1520 2560 1577 2622 τοῦ

476 2666 603 2748 σαφοῦς
612 2659 787 2784 ῥαστάνρν
808 2662 922 2786 ου’ρυα
941 2663 1068 2749 παρέχῃ
1090 2671 1155 2751 τοῖς
1177 2659 1436 2744 ἐντυγχάνουσιν.

410 2779 466 2834 i!
567 2753 702 2844 Ετυχόν
723 2765 782 2842 μὲν
803 2761 865 2844 ἐγώ
889 2762 1062 2844 διατρίβων
1089 2762 1162 2844 περί
1182 2758 1220 2824 τό
1244 2768 1337 2825 κοῖλα
1358 2766 1416 2846 τῆς
1437 2761 1615 2843 Εόβσιαςρθ

476 2889 529 2930 και
526 2862 727 2948 Κάρυστον
747 2863 835 2932 πόλιν
856 2866 999 2948 λήγοντος
1020 2857 1081 2948 ἤδη
1103 2869 1162 2928 τοῦ
1185 2867 1314 2949 δέρους,
1331 2867 1386 2928 κατ’
1407 2869 1579 2949 sepossedeo
1677 2926 1678 2929 ,

477 2968 642 3049 ξυνέβαιντ
664 2970 834 3032 καταπλεῖν
858 2966 891 3040 ἐς
913 2962 1033 3050 Ὠρεόν,
1053 2966 1144 3029 πόλιν
1165 2964 1305 3046 Εὐβοίας
1325 2963 1503 3054 οόλιριτνον,
1524 2963 1579 3042 τάς
1677 3006 1678 3071 ss

477 3277 529 3316 aex
545 3276 629 3314 nares
648 3261 784 3315 onerarias
803 3260 929 3312 maximas
948 3260 1019 3312 omni
1040 3275 1142 3344 genere
1160 3258 1342 3312 machinarum
1362 3266 1389 3310 et
1413 3261 1507 3329 gravis
1534 3218 1678 3312 ar-1

479 3342 597 3386 maturae
617 3331 746 3385 militibus
766 3331 887 3400 plurimis
907 3332 1115 3401 fortissimisque
1132 3333 1275 3384 instructas
1295 3341 1509 3416 comparassent,
1528 3333 1579 3385 iam

479 3403 600 3456 omnibus
618 3403 743 3456 idoneum
760 3411 864 3470 tempus
875 3403 961 3456 risum
983 3419 1042 3456 esse
1064 3405 1167 3455 cunctis
1187 3406 1273 3474 copiis
1291 3403 1415 3488 protinus
1438 3403 1579 3457 castelium

481 3473 618 3528 adoriendi
636 3483 716 3545 atque
737 3475 884 3527 obsidendi.
922 3475 970 3528 tali
989 3478 1094 3527 ratione
1112 3476 1192 3527 rebus
1212 3477 1342 3529 institutis
1359 3475 1432 3528 nibil
1451 3476 1530 3528 abiis
1549 3475 1579 3527 ad

394 3560 396 3569 ’
481 3547 581 3600 exitum
601 3547 740 3600 adductum
762 3563 832 3612 csse,
852 3547 1039 3612 audiebamus,
1061 3549 1098 3598 ita
1120 3557 1149 3599 nt
1169 3548 1263 3600 classis
1282 3540 1404 3599 Ve‘netne
1425 3548 1579 3616 praefectus

478 3636 509 3671 re
529 3620 579 3670 iam
598 3619 738 3686 desperata
763 3627 790 3670 et
807 3585 991 3686 lbrperntore,
1020 3621 1065 3706 qni
1094 3611 1198 3672 beilum
1222 3627 1456 3688 persequeretur,
1484 3621 1580 3673 relicto

479 3705 578 3743 summa
599 3689 770 3746 festinatione
789 3692 949 3743 recessisset
968 3693 1069 3744 certior
1091 3692 1418 3756 iactus,abGenua1am
1439 3693 1580 3762 sexaginta

479 3763 602 3816 triremes
621 3772 728 3830 praeter
747 3765 862 3816 omnium
883 3765 1110 3830 exspectationem
1128 3766 1156 3814 in
1176 3763 1257 3816 situm
1277 3771 1386 3816 erectas
1407 3780 1481 3818 esse.

578 3858 651 3913 Haec
670 3861 792 3929 equidem
813 3877 828 3912 u
847 3861 933 3928 patria
951 3869 1067 3913 remotus
1094 3861 1168 3928 qussi
1194 3877 1243 3929 per
1266 3860 1391 3913 nebulam
1418 3863 1527 3926 audiri;
1552 3871 1580 3913 tu
1677 3888 1679 3909 ι

480 3943 568 3986 autem
588 3933 742 3986 narratione
760 3933 951 4002 progrediente
971 3934 1078 3985 veriora
1097 3933 1225 4000 quaedam
1244 3941 1324 4001 atque
1345 3935 1466 3988 certiora
1485 3936 1519 3988 de
1535 3950 1581 3987 re-

480 4007 529 4058 bus
549 4005 593 4058 bio
612 4013 665 4057 tum
691 4005 774 4072 gestis
798 4019 916 4072 expones
936 4003 1030 4056 additis
1058 4005 1137 4056 ctiam
1162 4021 1247 4057 rerum
1272 4008 1369 4058 causis.
1414 4024 1489 4060 nunc
1516 4021 1580 4061 vero

481 4095 534 4142 res,
555 4093 665 4146 quarum
684 4079 743 4144 ipse
762 4076 820 4128 iilic
838 4084 974 4144 spectator
986 4075 1034 4140 sui,
1053 4091 1087 4128 ex
1105 4078 1197 4129 ordino
1218 4075 1265 4129 tibi
1280 4086 1404 4130 accurate
1425 4088 1508 4147 atque
1523 4081 1581 4131 sio-

482 4149 596 4218 giliatim
617 4149 741 4201 referam.
779 4147 967 4201 revertendum
985 4149 1067 4216 igitur
1085 4149 1162 4202 nobis
1183 4159 1223 4201 est
1243 4149 1276 4200 ad
1299 4149 1343 4215 id,
1368 4151 1442 4203 unde
1468 4150 1582 4219 digressi

482 4236 581 4288 sumus,
602 4230 630 4273 ut
649 4219 778 4274 historiae
803 4220 964 4272 continuitas
984 4220 1148 4287 praeclaram
1167 4237 1255 4274 rerum
1278 4223 1443 4291 cognitionis
1463 4223 1582 4275 facilita-

483 4299 534 4344 tem
554 4293 690 4361 praebeat,
710 4308 778 4362 quae
795 4293 865 4344 inest
883 4293 910 4343 in
929 4294 1128 4360 perspicuitate.

584 4391 690 4454 Quum
695 4393 778 4460 igitur
796 4393 868 4444 circa
887 4391 978 4444 fauces
998 4391 1125 4446 Euboeae
1146 4401 1173 4444 et
1192 4393 1332 4459 Carystum
1350 4391 1446 4444 urbem
1467 4399 1583 4446 excunte

484 4462 546 4512 iam'
556 4471 657 4514 nasute
675 4477 863 4527 commorarer,
882 4462 915 4515 ad
933 4463 1055 4530 Oreum,
1079 4465 1207 4516 Euboeae
1225 4465 1317 4517 urbem
1344 4459 1427 4532 po‘rtu
1453 4473 1583 4525 ornatam,

485 4533 639 4600 quindecim
658 4535 723 4588 iilse
741 4551 826 4588 nares
840 4536 960 4588 Venetae
978 4538 1149 4604 appulerunt,
1169 4553 1235 4604 quas
1255 4553 1289 4589 ex
1307 4535 1439 4620 portubus
1459 4535 1584 4605 Byzantii
1663 4546 1667 4555 ’

485 4605 633 4660 recessisse
651 4615 732 4676 suprt
752 4609 1000 4664 demonstravimus.
1020 4609 1082 4662 octo
1101 4617 1188 4662 autern
1196 4609 1363 4664 Cretensium
1384 4609 1513 4663 triremes
1523 4607 1584 4661 inde
