3675 5592
380 707 601 776 memorre
632 702 892 772 remurinus
915 705 1008 772 xxx.
1030 658 1156 806 t-t.
1267 696 1340 772 νοτ

343 867 431 956 ”Apro
454 877 519 936 ruis
541 867 702 938 εἰωθότων
724 872 781 954 τῆς
810 873 951 956 κεφαλῆς
964 863 1158 953 ’νοσημάτων
1180 865 1288 952 βραχύ
1311 877 1378 934 rt!

270 971 450 1058 ίιινεγκόντα
476 973 537 1038 τὸν
555 974 586 1037 Γ
584 975 723 1056 ρηγορᾶν
748 963 804 1056 ἧκε
833 974 938 1036 καλῶν
973 973 1007 1034 ἐκ
1027 973 1183 1053 βασιλέως
1206 963 1222 1032 ὅ
1243 972 1344 1053 μέγας

267 1081 411 1160 λιγοθέτης
431 1070 623 1158 ὁτουδήποτε
639 1073 764 1137 εἵνεκα·
807 1073 862 1135 καί
873 1069 981 1155 ἐπειδη
1003 1067 1268 1154 παρακρούεσθαι
1286 1068 1343 1134 ude

266 1178 332 1260 ἐνῆν,
352 1174 489 1252 α’ναστιὶς
517 1173 630 1262 ἐπῄει,
668 1177 723 1237 καί
745 1170 813 1254 ἅμα
834 1170 969 1256 εἱπόμην
1002 1171 1097 1248 αὐτὸς
1119 1169 1341 1254 ἀκουσόμενος.

246 1267 391 1358 ἐῆνέἐτέ
410 1283 466 1362 τῆς
484 1272 573 1360 αἳρας
603 1276 666 1360 dut
696 1272 776 1354 μετὰ
800 1277 893 1340 utro
919 1274 1022 1357 ἡλίου.
1075 1273 1129 1338 κατ’
1147 1279 1345 1358 προσεληλα-

263 1375 317 1454 duic
334 1374 350 1443 ὃ
366 1381 397 1444 Γ
394 1381 553 1464 ρηγορᾶς,
583 1381 638 1442 καί
667 1374 726 1461 την
748 1379 904 1442 εἰωθυῖαν
924 1373 1136 1452 α’ποέεδιοκώς
1156 1379 1198 1463 τῷ
1218 1379 1349 1458 βασιλιίΙ

263 1479 434 1566 πρόσρησιν,
454 1475 524 1546 εἶτα
546 1481 706 1546 ἐκάθισεν.
728 1478 820 1562 ἔτυχε
839 1482 870 1543 δ’
897 1477 1000 1555 ια’θύς
1022 1480 1090 1543 ἐκεῖ
1107 1481 1161 1544 καί
1181 1474 1196 1540 ὃ
1222 1483 1344 1543 Παλα-

261 1583 312 1659 pie
327 1581 509 1662 σννιισιιέν,
533 1581 591 1644 urire
612 1575 673 1646 οἶδ’
694 1577 860 1663 ὁπότερον,
882 1579 946 1646 εἴτε
972 1583 1007 1646 ἐκ
1027 1581 1223 1663 προθεσμίας
1245 1577 1343 1643 πάλαι

171 1682 172 1687 ’
260 1685 469 1766 μελετηθείοης
500 1679 635 1768 ἔφεδρος
665 1686 733 1748 ἐκεῖ
752 1705 814 1745 που
838 1681 968 1766 παρεόν,
998 1677 1052 1746 εἴτ’
1076 1679 1137 1744 ἐπὸ
1160 1683 1277 1765 τύχης,
1300 1678 1344 1758 ὥς

232 1781 340 1848 τοιῖοθε
358 1787 503 1867 γίνεσθαι
534 1781 698 1849 reinoldo
722 1788 785 1849 τῶν
806 1785 840 1848 ἐν
862 1779 969 1872 κόσμῳ
989 1779 1192 1865 πραγμάτων.
1247 1777 1282 1857 ὃς
1303 1778 1340 1866 θη

171 1954 172 1957 ¹
259 1883 304 1948 καί
321 1884 358 1950 τὰ
381 1889 557 1968 παλαιγενῆ
579 1889 761 1970 προπετῶς,
790 1884 847 1950 καί
869 1875 929 1950 ὅσα
952 1882 1053 1968 λη’θης
1086 1887 1212 1967 μακροῖς
1240 1907 1343 1949 σανα-

259 1983 416 2071 πηχθησαν
438 1985 597 2072 ῥεύμασι,
626 1990 761 2075 μηδαμῇ
790 1987 828 2076 τῇ
848 1987 996 2074 παρούσῃ
1029 1984 1224 2069 προσήκοντα
1248 1990 1343 2074 χρείᾳ

257 2085 469 2169 προέιαλαβών
498 2087 554 2152 καί
577 2086 860 2173 τερατευσάμενος,
880 2087 924 2162 ὥς
946 2084 1075 2167 rioldus,
1104 2087 1159 2150 καί
1179 2079 1239 2152 ὅσα
1262 2084 1342 2170 πρὸς

258 2182 373 2252 ἔπαινον
394 2187 710 2271 ἐγκαλλαπισάμενος
730 2188 847 2255 ἑαυτοῦ
865 2193 942 2274 περί
960 2211 993 2254 τε
1013 2193 1069 2274 τῆς
1092 2189 1125 2254 ἐν
1142 2185 1247 2277 λαίρρ
1269 2189 1343 2252 dtu·-

228 2290 352 2372 θτριβης
381 2293 436 2355 καί
472 2293 528 2376 τῆς
549 2290 631 2376 πρὸς
652 2292 817 2375 Βαρλαάμ
837 2293 1022 2375 ἐιαλέξεας,
1053 2293 1108 2355 καί
1127 2286 1278 2355 τοιούτοιν
1300 2287 1342 2374 δὴ

257 2391 338 2454 τινῶν
355 2390 412 2467 τὰς
432 2396 496 2457 ταῖν
516 2393 766 2475 παρατυχόντων
784 2390 993 2478 ἐμπεπληκώς
1019 2389 1130 2478 derude,
1160 2391 1214 2456 καί
1236 2389 1344 2470 δείξας

257 2483 344 2554 οἱονεί
361 2493 674 2574 πραβεβοαλεαμένον
695 2487 777 2558 εἶναι
799 2493 854 2558 καί
875 2497 1041 2577 ἐπίβουλον
1070 2491 1126 2558 rtis
1148 2492 1264 2558 σκοπὸν
1286 2495 1344 2577 τῆς

256 2596 417 2673 τηνικαῦτα
437 2593 539 2658 αὐτοῦ
559 2617 595 2677 γε
622 2597 793 2680 ἐπιδημίας
816 2593 895 2679 πρὸς
918 2593 1128 2680 ἐπιδεικτικὴν
1151 2597 1343 2682 φαντασίαν,

255 2683 314 2754 eleo
338 2696 473 2777 ἐσίγησε.
516 2693 571 2758 καί
589 2696 643 2759 ἵνα
664 2697 723 2760 ro'r
741 2701 828 2786 μέσρ
850 2702 1020 2781 παρέλθω,
1044 2696 1097 2761 καί
1118 2689 1177 2761 dua
1201 2703 1265 2772 rote
1285 2694 1378 2776 ipe-⁸

171 2800 172 2810 ¹
225 2795 385 2874 ttspuourv
406 2795 587 2879 demetere
610 2799 752 2880 γίγνοιντ’
775 2789 815 2862 ἐν
832 2799 996 2880 ἐμποέιέν,
1020 2795 1099 2881 πρός
1121 2795 1157 2862 τὸ
1178 2797 1344 2879 deporto·-

256 2914 336 2978 κητον
355 2899 465 2962 sovrei·
496 2900 552 2962 καί
571 2901 732 2984 αἰφνίδιον
758 2899 1067 2984 προοιμιασάμενος,
1088 2898 1143 2964 καί
1164 2899 1344 2982 πραοιαλα-

254 2992 506 3083 periucunde,
529 3003 586 3066 καί
615 2999 818 3088 ὄΓρηγοροῖς
840 2997 888 3067 ὅτι
918 2995 960 3068 ἐν
985 3004 1040 3068 καί
1072 2997 1153 3084 πρὸς
1173 2999 1275 3064 oderi
1294 2996 1343 3084 εἴη
1354 3011 1373 3066 i.
1387 3011 1475 3069 tute.

347 3281 422 3346 Quae
441 3289 529 3336 autem
547 3291 695 3337 memoratu
713 3285 837 3353 digniora
857 3290 960 3338 suntet
978 3297 1047 3354 quae
1065 3284 1231 3352 potissimum
1252 3285 1342 3338 audiet

257 3363 361 3404 necesso
382 3361 432 3419 est,
453 3369 486 3407 ea
505 3357 587 3424 igitur
605 3356 725 3410 breviter
744 3364 772 3408 ct
793 3357 939 3409 summatim
958 3355 1006 3409 tibi
1026 3355 1246 3409 commemorabo.
1273 3357 1342 3411 dre.

257 3435 329 3489 goras
347 3440 404 3477 cnm
423 3410 502 3479 modo
521 3443 555 3478 ex
574 3430 711 3481 consuetis
737 3429 830 3496 capitis
849 3428 986 3481 doloribus
1006 3430 1078 3482 vires
1110 3443 1253 3497 parumper
1268 3429 1344 3481 rele.

257 3494 345 3560 risset,
368 3498 530 3551 invitaturus
549 3515 608 3551 eum
634 3500 667 3552 ab
694 3503 855 3569 imperatore
879 3501 975 3554 missus
1003 3509 1044 3554 eat
1070 3515 1180 3572 mugnus
1204 3501 1344 3570 logotheta

258 3580 405 3636 quacunque
424 3571 458 3622 de
477 3585 571 3623 causae
594 3574 742 3641 quodcum
761 3587 890 3625 excusare
914 3581 969 3624 non
990 3581 1097 3640 posset,
1116 3587 1259 3644 assurgens
1278 3573 1344 3625 abiit

259 3643 283 3687 et
298 3639 430 3694 auditurus
450 3657 509 3694 eum
528 3645 587 3710 ipae
605 3653 733 3713 sequutus
752 3659 819 3697 sum.
861 3661 950 3698 serum
976 3645 1027 3696 iam
1048 3645 1101 3698 diei
1122 3652 1178 3696 erat
1196 3653 1256 3725 post
1277 3643 1343 3700 solis

257 3722 378 3762 oceasum.
422 3729 455 3766 ac
480 3714 613 3783 Gregorius
632 3718 737 3784 quidem
766 3731 824 3768 cum
844 3716 998 3778 advenisset
1023 3725 1050 3768 et
1077 3717 1181 3770 solitam
1200 3717 1232 3770 ed
1251 3731 1342 3784 regem

256 3779 435 3860 allocutionem
455 3787 647 3854 expeditisset,
666 3791 750 3857 (tum)
771 3789 901 3841 consedit.
936 3789 1005 3840 lorte
1025 3797 1112 3842 antem
1132 3789 1236 3842 iortunu
1256 3789 1342 3840 statim

255 3849 288 3901 tbi
305 3855 379 3922 etiam
397 3855 517 3910 Palamas
544 3859 622 3911 simul
642 3861 761 3925 introiit,
781 3862 892 3923 nescio,
911 3869 997 3912 utrum
1017 3869 1127 3928 propter
1151 3861 1219 3926 diem
1239 3859 1343 3912 iamdu-

257 3922 309 3974 dum
326 3928 494 3981 constitutam
513 3931 683 3984 insidiaturus
702 3933 739 3982 ibi
759 3933 875 3997 adesset,
894 3947 929 3983 un
948 3947 1021 3998 casu,
1040 3941 1069 3984 ut
1087 3933 1233 4002 pleraeque
1252 3947 1295 3984 rea
1315 3929 1342 3982 in

255 4000 318 4048 terra
337 4006 427 4065 gestae
447 4001 506 4053 lieri
524 4002 622 4055 solent.
650 4004 696 4072 qui
717 4018 775 4055 eum
789 4007 877 4071 prisca
894 4005 1075 4072 imprudenter
1095 4014 1121 4059 et
1135 4019 1203 4074 quae
1222 4002 1342 4056 obliuio.

255 4067 291 4116 ais
307 4069 452 4136 profundae
482 4073 634 4128 fluminibus
660 4075 770 4144 ebrcptu
792 4084 900 4141 essent,
925 4077 1001 4128 nullo
1030 4078 1107 4130 modu
1126 4075 1290 4144 pertinentia
1310 4077 1342 4129 ad

257 4151 305 4188 ettu
322 4155 391 4208 rem,
417 4144 451 4196 de
477 4161 529 4214 qua
559 4155 613 4199 tum
635 4148 777 4215 agebatur,
804 4148 961 4215 protulisset
989 4155 1017 4200 et
1040 4149 1171 4218 glorietur
1195 4155 1275 4212 esset,
1296 4149 1341 4216 qui

257 4214 377 4265 certetur
393 4230 462 4281 mos,
482 4223 510 4268 et
527 4219 559 4270 ad
578 4218 682 4271 laudem
710 4235 783 4271 suam
801 4219 882 4272 multu
911 4222 944 4273 de
965 4236 995 4273 so
1021 4221 1167 4289 gloriosius
1186 4219 1341 4286 praedices.

256 4289 298 4345 set,
317 4293 342 4336 et
359 4289 594 4342 commorationem
612 4292 640 4342 in
664 4300 818 4344 monastero
844 4292 939 4344 lactem
964 4301 990 4343 et
1011 4291 1176 4361 colloquium
1196 4305 1254 4341 cum
1273 4289 1341 4344 liar.

256 4349 332 4406 immo
350 4357 499 4415 institutum
521 4370 549 4413 et
565 4362 629 4414 talia
651 4363 726 4429 lcre,
752 4372 892 4433 postquam
910 4378 989 4417 aures
1010 4377 1119 4428 eurum,
1150 4363 1269 4431 quitum
1292 4363 1341 4414 sd.

258 4433 331 4506 mi,
350 4429 473 4496 implerit
493 4439 518 4484 ct
537 4439 660 4503 tanquam
674 4435 820 4488 iamdudum
833 4438 1013 4506 excogitatum
1033 4444 1059 4487 et
1073 4435 1228 4488 insidiosum
1247 4441 1342 4486 osten.

258 4493 291 4546 dit
305 4501 442 4554 eonsilium
460 4505 590 4558 adrentus
610 4508 652 4559 aui
669 4507 789 4577 gloriose
807 4509 918 4577 quadam
937 4507 1100 4560 iactationee
1120 4505 1258 4558 conticuit.
1299 4513 1343 4558 at.

260 4579 306 4650 tue
322 4577 351 4622 ut
368 4587 436 4641 quse
456 4576 614 4646 interposita
640 4589 702 4632 sunt
730 4582 845 4632 omittum
873 4589 900 4633 ct
919 4593 1094 4650 quaecunque
1118 4585 1195 4630 unteu
1213 4591 1344 4631 necesse..

260 4638 302 4693 tiu
319 4641 431 4713 οειιιαι,
451 4651 484 4704 ed
502 4649 571 4704 haec
590 4654 774 4720 inexspectete
801 4661 829 4706 et
847 4650 1039 4720 extemporelit
1063 4649 1243 4720 prooemiatur
1262 4663 1343 4724 prae.
