3675 5592
502 681 577 764 eet
811 691 1036 763 morsuum
1069 690 1299 762 careonis

500 856 581 924 ἄλλο’
622 855 656 924 τὸ
684 861 741 941 τῆς
773 860 946 939 τιοροιμιάς
979 855 1042 922 dni
1078 854 1184 938 κοδιιης
1212 857 1265 920 ἕατ’
1298 851 1331 918 τδ
1359 855 1448 935 βῆμα
1475 852 1525 914 καί
1551 847 1581 914 ια’

500 958 690 1043 στρατήγιον
723 964 872 1044 ε’ξαέφνης
898 955 1052 1039 ἔδραμες,
1084 963 1164 1040 λέγω
1195 957 1233 1038 δν,
1270 955 1305 1022 τὸ
1337 959 1494 1036 θἐολογτῖν
1522 951 1584 1016 α’νέ·

448 1134 458 1144 1
499 1084 588 1137 κτοις
620 1084 653 1124 τι
674 1059 771 1142 χερσὶ
799 1058 855 1124 κατ’
876 1061 985 1148 σαθρᾷ
1015 1061 1156 1146 διανοέρι,
1186 1063 1263 1143 φέρε
1295 1047 1354 1120 adv
1379 1052 1413 1120 έν
1444 1051 1523 1140 γηρρ
1541 1055 1586 1116 δι-

500 1160 640 1248 δάχθητι
653 1164 730 1246 παρ’
753 1162 843 1245 η’μιόν
863 1160 921 1236 τὰς
939 1160 1153 1243 στοιχειώδεις
1173 1161 1291 1235 ταύτας
1304 1159 1358 1222 κατ’
1378 1153 1503 1238 πρώτας
1523 1181 1586 1239 φω-

469 1323 475 1330 .
499 1263 557 1338 νοὶς
578 1267 641 1328 τῶν
663 1262 870 1345 γραμμάτων,
894 1261 937 1338 οδς
954 1254 991 1325 δν
1012 1264 1247 1343 ου’μαθέστερος
1267 1259 1343 1336 ἴσως
1358 1256 1517 1342 γενόμενος
1539 1259 1605 1339 τῆςᾶ

434 1391 446 1402 ·
500 1367 593 1439 θειάς
615 1367 692 1440 τέως
715 1361 843 1428 αἴσθοιο
864 1367 1002 1448 γραφῆς,
1033 1365 1087 1428 κατ’
1107 1367 1217 1446 μηκέτι
1242 1363 1283 1425 δι’
1306 1355 1406 1444 ὄχλου
1437 1361 1476 1447 τῇ
1500 1353 1586 1422 asloe-

500 1469 573 1552 βαίη
604 1468 747 1548 γέγνοιο,
777 1468 975 1551 δημαγωγῶν
1008 1465 1028 1527 δ
1059 1474 1123 1540 τοῖς
1152 1467 1235 1528 adro
1261 1457 1381 1544 μᾶλλον
1406 1454 1425 1543 ἢ
1446 1469 1509 1534 τοῖς
1527 1453 1586 1522 class

384 1633 390 1640 ‚
500 1569 613 1646 πρέπει
635 1575 767 1645 νεκροῖς.
815 1565 856 1630 τὰ
874 1564 935 1648 γὰρ
958 1567 1087 1630 τ’ναντέα
1108 1575 1172 1640 τοῖς
1194 1567 1347 1638 ἐναντίοις
1378 1563 1588 1646 δρίζεσθαιίε

501 1662 555 1728 κατ’
578 1667 792 1749 διορθοῦσθαι
820 1665 973 1746 νόμιμον,
993 1663 1063 1731 ἐστι’
1092 1665 1146 1730 καί
1166 1667 1339 1748 Χαρμίδης
1358 1662 1375 1726 δ
1398 1669 1590 1741 Λαρισσαῖος
1667 1727 1668 1736 ,

502 1761 641 1841 α’κνδσας
665 1769 877 1849 διηγουμένου
898 1765 982 1840 τινὸς
1016 1769 1048 1830 έν
1069 1763 1163 1831 ὕδατι
1197 1768 1297 1844 ζέοντι
1320 1763 1430 1843 ζώσας
1445 1764 1525 1828 torta
1544 1763 1624 1842 έγ.ιο

498 1870 630 1948 χέλυος,
653 1868 765 1931 οδκοῦν
787 1872 820 1930 έν
834 1872 951 1954 ψυχρῷ
973 1864 1093 1942 ταύτας
1117 1862 1289 1949 έψησωμεν
1311 1863 1439 1952 ἔφησεν.
1485 1854 1521 1945 ἧς
1540 1853 1591 1926 oo't
1667 1875 1668 1902 i

499 1969 554 2032 κατ’
576 1965 671 2042 αυίας
693 1968 841 2042 ασδνετος
858 1967 984 2048 έμεινας
1009 1971 1284 2051 πεντεκαιδεκέτης
1303 1969 1463 2042 τιατδειάς,
1483 1985 1592 2046 ταυτης

498 2063 580 2149 sinin
610 2067 651 2134 τδ
683 2063 833 2152 ἑξήκοντα
855 2066 990 2151 γεγονιδς
1023 2067 1183 2152 α’κροατὴν
1214 2067 1350 2134 σεαυτὸν
1374 2065 1593 2131 decoramina
1667 2127 1668 2166 ,

497 2195 543 2250 μη
568 2171 704 2249 αἀοξίου
725 2172 874 2254 τήμερον,
897 2197 961 2236 των
982 2171 1092 2236 calcos
1114 2168 1235 2254 δηλαδὴ
1252 2195 1304 2236 και
1296 2165 1506 2251 ὀἶρχοειδων
1529 2189 1594 2249 φω·
1667 2173 1668 2242 fl

499 2295 563 2336 νων
582 2295 635 2334 και
658 2277 835 2353 στοιχείων.
887 2276 985 2336 ταῦτα
1016 2275 1043 2334 δ’
1070 2295 1109 2334 αν
1130 2269 1254 2346 πάντως
1282 2267 1330 2356 εἴη
1353 2268 1435 2333 τιδι’
1461 2267 1628 2348 dodrantali

504 2373 559 2436 κατ’
577 2369 718 2456 ρ’ήματα.
760 2375 881 2453 ιιρῶτον
901 2375 961 2489 γιὶρ
985 2376 1039 2437 δεῖ
1056 2377 1187 2449 θέσθαι,
1210 2375 1300 2458 φασδ,
1323 2377 1354 2436 αι’
1372 2361 1474 2450 ὄνομα
1497 2369 1551 2432 καί
1569 2369 1598 2430 st'
1667 2403 1668 2452 3

500 2496 601 2554 ρημα,
627 2469 727 2536 οἱονεί
744 2497 815 2536 τινα
838 2471 986 2590 στερρόν
994 2469 1197 2554 θεμέλιον,
1178 2496 1287 2538 suessos
1305 2475 1341 2536 τι’
1353 2474 1439 2538 ἐστιν
1466 2467 1594 2553 αἀόφα-

500 2595 551 2648 σος
572 2574 628 2636 καὶ
647 2572 831 2692 κατάφασις
847 2576 902 2637 κατ’
924 2571 1107 2659 αἀόφανσις
1131 2573 1184 2638 κατ’
1207 2576 1305 2656 λόγος,
1327 2575 1382 2640 κατ’
1406 2567 1472 2638 ὅσα
1493 2574 1528 2638 ἐκ
1546 2593 1595 2686 της
1667 2595 1668 2624 ³

502 2675 705 2758 α’κθρισαίνης
725 2652 845 2759 ταύτης
865 2678 1036 2758 έκιιιλοκης
1067 2701 1119 2740 και
1117 2679 1322 2750 συνθέσεως
1342 2676 1406 2739 raia
1419 2697 1463 2738 τε
1486 2667 1595 2753 ονομα·
1667 2709 1668 2746 1

502 2799 566 2842 των
590 2774 645 2838 καί
665 2799 727 2840 των
748 2775 897 2860 ρημᾰτοον
922 2777 1163 2842 ἀποτελοῦνται.
1206 2780 1295 2842 σκιαδ
1315 2773 1374 2860 γὰρ
1399 2771 1498 2839 aiom
1497 2773 1630 2846 ’τινέςλδ

503 2875 567 2940 εἰσι
586 2877 649 2939 τῶν
670 2880 867 2960 πραγμάτων
895 2877 930 2944 αἱ
953 2883 1069 2964 φωναί,
1092 2876 1172 2962 αρὸς
1191 2876 1249 2954 τὰς
1272 2874 1497 2961 seniorectus
1518 2875 1597 2960 δφε-

498 2971 622 3045 στοέτων
640 2977 917 3076 σχηματιζόμενον
946 2979 1000 3046 sos*
1018 2980 1152 3062 σ’νὸμασι
1177 2984 1231 3046 κατ’
1258 2978 1378 3064 ῥήμασι
1400 2975 1596 3063 κεραννύμε-

498 3242 527 3287 tc
547 3233 652 3286 discere
671 3232 821 3300 oportebat,
839 3248 895 3286 uon
913 3233 1041 3300 didicisti,
1061 3241 1142 3304 atque
1160 3243 1262 3303 septem
1276 3248 1360 3287 annos
1376 3240 1458 3288 ustas
1477 3249 1513 3288 ne
1532 3248 1597 3304 gen-

499 3305 563 3357 tiles
583 3305 689 3372 quidem
707 3304 887 3356 contendebas
908 3306 1052 3357 secundum
1071 3309 1217 3374 sapientem
1232 3307 1306 3360 illum
1320 3305 1518 3360 Atheniensem
1536 3321 1597 3374 pro-

499 3376 582 3439 iiteri,
601 3376 649 3427 scd
668 3392 701 3428 ex
720 3391 810 3438 remo,
830 3385 860 3428 ut
875 3379 967 3443 aiunt,
988 3378 1014 3428 in
1033 3387 1187 3446 suggestum
1208 3385 1234 3431 st
1255 3379 1417 3446 praetoriam
1441 3386 1555 3444 repente
1572 3385 1596 3428 te

499 3448 651 3512 coniecisti,
670 3446 721 3499 lroc
741 3446 848 3499 scilicet
865 3449 943 3513 dico,
969 3449 1039 3516 quod
1058 3457 1086 3501 tu
1111 3449 1204 3502 adres
1223 3451 1327 3503 divinas
1354 3453 1498 3502 accessisti
1518 3447 1597 3502 illotis

498 3518 619 3571 manibus
639 3527 666 3570 et
683 3527 772 3570 mente
788 3519 892 3585 obtusa,
912 3537 963 3590 age
984 3521 1062 3572 ctiam
1081 3538 1165 3574 senex
1183 3517 1320 3575 edocearis
1342 3522 1457 3575 anobis
1473 3522 1523 3574 hos
1542 3520 1597 3571 elc-
1667 3531 1668 3536 ’

497 3592 642 3642 mensarios
669 3599 696 3641 ct
714 3591 814 3656 primos
833 3607 913 3644 sonos
936 3593 1088 3658 literarum,
1107 3603 1137 3646 ut
1155 3595 1258 3646 doctior
1285 3593 1385 3658 iactus,
1407 3595 1530 3646 divinam
1547 3591 1598 3645 ali·

497 3669 629 3732 quatenus
648 3661 785 3730 intelligas
799 3665 955 3730 scripturam
975 3679 1062 3734 neque
1082 3667 1158 3720 oneri
1177 3667 1214 3718 sis
1231 3667 1339 3734 pietati;
1359 3681 1416 3716 cum
1439 3665 1548 3734 plebem
1569 3663 1597 3714 sd
1667 3683 1668 3718 t

499 3749 532 3786 ea
553 3734 694 3802 perducas,
714 3749 783 3802 quac
801 3738 884 3803 magis
904 3737 1002 3788 decent
1015 3745 1143 3802 mortuos,
1166 3741 1210 3808 qui
1229 3739 1299 3791 inira
1318 3753 1396 3806 quana
1416 3753 1467 3790 eos
1488 3739 1533 3806 qui
1554 3751 1597 3788 su.
1667 3733 1668 3802 l

496 3821 544 3874 pra
563 3813 660 3857 terrum
692 3815 847 3872 versantur,
872 3808 1085 3860 advorsu'euim
1110 3811 1231 3864 adversis
1259 3811 1381 3862 dividere
1406 3817 1435 3860 et
1463 3809 1598 3878 corripere

496 3878 593 3928 lustum
613 3885 663 3940 est,
677 3878 846 3946 quamobrem
866 3881 943 3930 etiarn
958 3880 1110 3934 Charmides
1123 3882 1295 3945 larissensis,
1309 3897 1367 3933 curn
1387 3883 1497 3934 audiret
1516 3893 1598 3948 quen·
1667 3923 1668 3932 r

496 3949 555 4000 darn
573 3958 724 4002 narrantem
743 3966 773 4000 se
793 3953 903 4018 inaqua
925 3959 1063 4003 aestuante
1088 3953 1165 4006 vivas
1185 3954 1285 4005 uidisse
1311 3951 1459 4021 anguillas,
1481 3952 1529 4004 luas
1547 3950 1598 4017 igi.
1667 3981 1668 4016 ,

496 4029 549 4084 tur,
568 4021 664 4089 iuquit,
684 4021 711 4072 in
735 4022 833 4090 frigida
858 4037 1012 4091 coquemus.
1058 4025 1188 4093 utigitur
1217 4034 1243 4077 ot
1262 4026 1319 4092 lpse
1348 4025 1460 4092 ignarus
1484 4023 1598 4078 mansisti
1667 4047 1668 4058 2

498 4093 652 4161 quindecim
670 4109 756 4146 anuos
778 4102 855 4146 natus
874 4095 1021 4159 doctrinae,
1041 4095 1077 4147 ita
1097 4098 1154 4148 eius
1173 4105 1286 4148 aetatem
1311 4111 1440 4148 sanorum
1460 4098 1598 4164 sexaginta
1667 4113 1668 4152 t

497 4177 622 4230 egressus
639 4173 667 4215 te
686 4167 833 4217 studiosum
851 4165 979 4218 simulare
992 4165 1063 4217 nolis
1082 4166 1172 4232 hodie,
1193 4167 1352 4236 simplicium
1369 4167 1482 4220 scilicet
1501 4177 1528 4221 et
1545 4165 1598 4235 pri-

495 4249 598 4290 morum
616 4250 742 4288 sonorum
758 4237 1014 4306 elementorumque,
1030 4239 1098 4290 haec
1115 4247 1178 4291 suut
1195 4241 1302 4292 omniuo
1322 4239 1431 4291 nomina
1454 4248 1484 4290 et
1502 4238 1597 4292 rerba:

495 4307 608 4390 primum
634 4308 702 4358 euim
730 4309 822 4360 dicunt
846 4309 959 4360 solidum
979 4311 1108 4380 quoddam
1129 4311 1358 4364 laudamentum
1351 4325 1442 4362 tacere
1464 4319 1596 4380 oportere,
1667 4333 1668 4358 r

496 4378 559 4448 quid
579 4378 614 4429 sit
631 4393 738 4444 nornen,
759 4380 821 4450 quid
840 4380 961 4433 verbum.
999 4382 1105 4447 deinde,
1125 4383 1187 4450 quid
1206 4384 1242 4435 sit
1260 4381 1406 4434 adfirmatio
1438 4389 1467 4434 et
1494 4381 1598 4452 negatio

499 4455 526 4500 et
553 4451 686 4500 sententia
713 4460 739 4504 ct
765 4451 904 4504 conclusio
934 4461 961 4504 et
985 4469 1161 4522 quaecunque
1186 4469 1219 4506 ex
1242 4453 1293 4506 hae
1320 4453 1458 4506 hominum
1489 4456 1599 4506 coniun-

501 4520 596 4572 ctione
611 4529 638 4572 et
651 4525 846 4592 compositione
866 4525 1000 4576 nominum
1020 4535 1047 4578 et
1061 4526 1202 4578 verborum
1221 4527 1383 4578 elliciuntnr.
1402 4525 1518 4580 umbrae
1535 4523 1599 4576 enin

500 4591 691 4669 quodammodo
711 4611 800 4650 rerum
817 4604 880 4652 sunt
896 4597 958 4655 mai
976 4599 1122 4656 secundnm
1139 4606 1227 4654 motas
1246 4597 1439 4656 subamarum
1453 4597 1560 4654 lnrmsti
1577 4601 1601 4650 et
1667 4645 1668 4658 ,
