3675 5592
317 700 819 804 mmmmm-mmmmm
832 645 1190 778 uxores-co.
1251 693 1323 778 tto

234 868 296 951 γήν.
336 868 443 953 τρίτον
462 869 498 934 dd
518 871 587 945 πῶς
618 867 717 933 πολὺν
744 865 807 955 ἤδη
825 870 945 956 χρόνον
968 873 1240 958 κατηγορούμενον
1270 873 1452 940 τὸνλλδδι.

234 966 387 1051 Σκόριιιον
408 971 442 1033 ἐν
473 969 589 1053 άκμαῖς
617 970 667 1035 άεέ
693 980 883 1056 τροπικαῖς
913 975 971 1057 τῆς
997 973 1144 1059 τοιαότης
1170 974 1325 1062 αἱρέσεως

234 1063 331 1146 εἶναι,
365 1070 422 1135 κατ’
442 1075 568 1136 πολλῶν
587 1071 769 1157 ἐρχομένων
790 1074 989 1159 γραμμάτων
1015 1077 1050 1140 ἐκ
1069 1077 1131 1140 τῶν
1149 1079 1205 1144 τοῦ
1228 1071 1325 1168 ὅρους

232 1171 341 1249 τιμίων
355 1169 481 1256 ἀνδρῶν
494 1172 661 1258 προδήλως
680 1172 737 1258 τήν
750 1174 891 1259 άρχαίαν
903 1177 959 1241 κατ’
976 1177 1076 1263 μέχρι
1086 1177 1142 1241 νόν
1163 1175 1324 1243 ἀνθοῦσαν

211 1269 347 1334 essebon
369 1272 485 1338 κακιάν
503 1275 744 1358 ἐξελεγχόντων,
767 1273 862 1352 arisbe
879 1275 931 1341 άεό
953 1277 1114 1362 περιέπων
1131 1271 1323 1364 ἐγκαρτερεῖ,

233 1369 399 1451 πρόμαχος
429 1362 554 1454 ἄμαχός
581 1375 689 1460 ἐκεόνφ
718 1375 884 1460 γενόμενος
904 1376 960 1442 κατ’
983 1379 1096 1453 στῦλος
1117 1376 1321 1457 εῖπεῖνάόα-

230 1467 380 1550 μάντινος,
403 1472 460 1537 καὶ
473 1463 595 1558 ’θαγμά
622 1476 724 1557 βοῶν,
746 1476 803 1542 uns*
822 1478 881 1561 γῆν
904 1475 1076 1564 ἀναμιγνὺς
1098 1476 1226 1564 οὐρανῷ
1234 1527 1244 1556 ,
1265 1479 1320 1544 scol
1384 1489 1386 1494 “

231 1568 305 1634 κατά
327 1571 398 1650 τούς
419 1573 632 1657 μαινομένους
651 1579 687 1641 τὸ
706 1581 763 1661 τῆς
777 1577 904 1663 γνώμης
926 1577 1092 1661 ἱστάμενον
1113 1579 1321 1662 ἐλαυνόμενος

231 1672 281 1736 καὶ
300 1672 420 1750 πάντας
446 1673 625 1758 άναθέματι
652 1667 776 1764 μακρῷΙ
797 1676 1024 1763 παραπέμπων
1036 1728 1045 1758 ,
1068 1679 1128 1760 οὐχ·
1149 1680 1183 1744 οΐ
1200 1679 1324 1756 τούτοις

198 1769 386 1851 λοένὲχονται
404 1780 472 1849 τοῖς
502 1775 708 1860 ἐγκλήμασιν,
742 1775 810 1839 άλλ’
843 1777 878 1840 οἳ
904 1780 952 1863 rigi
972 1779 1120 1863 Σκορνιόφ
1143 1777 1319 1864 ἐνεχομόνφ

231 1872 398 1957 προφέρειν
431 1871 532 1958 ἥκιστ’
568 1874 705 1940 όκνοῦσι.
756 1876 812 1942 καί
832 1876 981 1962 τέταρτον
1001 1875 1049 1942 ὅτι
1072 1877 1243 1963 καὶμέχρι
1264 1880 1385 1941 sisu

231 1968 303 2055 όράν
324 1974 528 2060 ἰσχυρίζεται
546 1973 600 2041 τόν
613 1978 711 2059 μόνον
726 1975 982 2044 άναλλοόωτόντε
997 1977 1053 2042 καί
1075 1975 1219 2044 άκτιστον
1232 1976 1316 2056 θεάν,

231 2075 291 2155 φάς
310 2076 420 2161 ἕτερόν
436 2098 472 2140 τε
492 2076 547 2142 κατ’
569 2074 716 2142 ’άκτιστον
735 2080 770 2142 ἐκ
791 2083 970 2163 μεταβολῆς
991 2077 1071 2164 πρός
1090 2076 1125 2143 τό
1147 2075 1319 2164 ἐφειμένον

228 2175 381 2257 γινόμενον
406 2176 493 2265 αὐτῷ
513 2183 678 2265 τρυφῶντι
699 2182 756 2244 καί
775 2181 1008 2267 βλακευομόνιμ.
1029 2183 1128 2246 ταῦτα
1144 2178 1183 2264 δή
1205 2180 1317 2257 πάντα,
1378 2264 1381 2270 ¹

202 2273 275 2348 μναῖ
292 2278 321 2340 εἰ
340 2303 371 2342 τι
394 2278 515 2343 τούτων
536 2279 691 2357 ἐπέκεινα,
713 2281 884 2365 προτάσεις
900 2283 988 2356 τινάς
1020 2280 1192 2354 ἐκτιθέντες
1215 2279 1317 2361 άναμ-

230 2376 372 2457 φιβόλους
405 2379 684 2466 άναμφισβήτητον
714 2378 757 2456 ὦς
794 2377 877 2455 εἰκός
904 2382 1020 2468 ἐπῆγον
1047 2379 1103 2444 καί
1130 2375 1165 2444 τό
1191 2380 1316 2461 συμπέ-

230 2499 337 2560 ρασμα,
361 2484 446 2565 λέγω
481 2479 519 2563 δή
552 2480 587 2545 τό
612 2481 829 2546 Μασαλιανὸν
850 2477 1007 2566 ἐπάρχειν
1041 2478 1136 2544 αὐτόν
1158 2481 1189 2557 ἐξ
1214 2479 1316 2564 ἀρχῆς

228 2599 257 2638 τε
270 2581 324 2645 scol
341 2583 445 2667 μέχρι
462 2581 598 2667 τήμερον
616 2582 865 2668 άναμφιλεκτον·
890 2575 1055 2668 εἶναιγὰρ
1077 2582 1203 2664 άξιόνμα
1223 2582 1314 2646 τοῦτο

228 2677 319 2744 πάλαι
339 2682 493 2766 κυρωθὲν
512 2689 578 2758 τοῖς
597 2705 630 2748 τε
652 2682 798 2768 celperico
818 2682 874 2746 καί
893 2680 1058 2766 ἡμετέροις
1075 2683 1138 2744 τῶν
1161 2678 1315 2744 όιόασκά-

193 2778 290 2856 ἐθλωι,
311 2784 343 2860 ἐξ
368 2783 502 2867 din-‘lois
522 2783 578 2848 soi
601 2783 843 2870 άναμφιλέκτων
862 2782 1015 2868 όρωνκαό
1034 2781 1217 2868 προτάσεως
1239 2779 1316 2863 άλη-

227 2879 277 2954 big
296 2879 378 2965 ἐμοῦ
402 2884 458 2949 καὶ
487 2883 713 2973 άναντόρρήτον
733 2887 765 2962 ἐξ
792 2883 927 2968 άνάγκής
956 2877 1038 2948 εἶναι
1058 2884 1113 2946 καί
1132 2881 1167 2946 τὸ
1190 2881 1314 2961 συμπέ·

227 3002 337 3066 ρασμα.
391 2985 446 3050 κατ’
476 2986 547 3065 τάχ’
571 2979 610 3048 ds
632 2987 782 3062 ἐξωθεῖτο
807 2987 862 3067 τής
892 2985 1098 3065 ἐπισκοπικῆς
1121 2980 1211 3059 άξιάς
1233 2980 1314 3056 τότε,
1326 2997 1380 3052 82

226 3079 250 3141 ii
265 3084 309 3168 μὴ
330 3087 435 3176 όειλόρ
457 3087 512 3151 καί
528 3085 616 3173 φόβῳ
632 3085 805 3166 συσχεθεὶς
825 3082 918 3160 αότὸς
938 3075 1169 3169 ὑπερβάλλοντι
1185 3079 1241 3164 τήν
1255 3078 1315 3162 μὲν

225 3419 311 3476 tutam
337 3433 371 3471 ao
397 3431 427 3469 se
444 3415 577 3484 refugium
601 3413 702 3466 habore
727 3412 761 3465 ed
788 3411 981 3464 defensionem.
1024 3409 1103 3461 tertia
1129 3423 1217 3474 vero,
1243 3409 1313 3478 quod

224 3481 391 3554 Scorpionem
410 3489 461 3539 iam
481 3485 563 3555 longo
584 3503 617 3538 ex
636 3493 755 3551 tempore
772 3491 922 3536 accusatum
943 3481 987 3551 qul
1006 3481 1103 3548 primas
1122 3497 1228 3547 semper
1249 3495 1314 3548 par.

222 3559 257 3606 les
276 3560 300 3612 ia
325 3560 436 3613 haeresi
455 3558 503 3611 llln
525 3565 681 3621 exerceret,
706 3564 733 3608 et
759 3557 787 3608 in
806 3571 883 3623 quem
904 3553 986 3605 malta
1005 3553 1102 3618 scripta
1123 3552 1231 3622 vulgata
1251 3560 1313 3604 sunt

222 3631 314 3683 astris
334 3633 367 3684 in
386 3639 476 3683 monte
495 3624 659 3697 praeclaris,
690 3643 759 3696 quac
787 3626 872 3695 palam
896 3633 923 3677 et
940 3623 1026 3676 adbuc
1047 3624 1166 3676 florentis
1188 3625 1314 3690 impieta.

223 3698 252 3750 lis
270 3717 326 3755 cum
349 3705 541 3766 convicerunt,
573 3703 631 3770 ipsa
650 3715 755 3767 semper
781 3699 901 3768 protegit
921 3705 947 3748 et
968 3697 1060 3748 incitat
1083 3703 1113 3746 nt
1130 3702 1313 3762 propugnator
1365 3721 1370 3730 ·

224 3771 261 3827 ctii
279 3775 328 3841 ipsi
352 3791 406 3828 non
424 3776 608 3843 impugnatur,
636 3779 662 3822 et
682 3779 712 3823 nt
732 3770 855 3822 columna
878 3769 1061 3832 adamantinu;
1080 3768 1149 3834 quod
1172 3766 1247 3817 vocis
1266 3773 1312 3816 tu.
1463 3833 1473 3846 ⁶

223 3842 324 3899 multum
349 3848 405 3899 edit
433 3854 460 3898 et
479 3853 576 3898 terram
595 3842 674 3896 coelo
706 3844 860 3902 commiscet
886 3848 913 3892 et
941 3854 1015 3892 more
1039 3840 1191 3890 insanorum
1215 3837 1311 3888 mentis
1409 3863 1411 3868 ·

223 3914 388 3970 stabilitatem
405 3925 498 3970 seruat
519 3924 546 3969 et
564 3915 640 3986 gravi
659 3915 844 3966 concentione
865 3911 1021 3979 omnesqui
1040 3911 1110 3962 omni
1130 3909 1239 3960 crimina
1260 3922 1312 3959 νο-

224 3987 262 4037 citi
280 3999 342 4044 suat
363 3991 521 4043 condemnat
539 3995 682 4056 propterea
708 3986 778 4055 quod
797 3984 970 4051 Scorpionem
988 3996 1115 4033 occasura
1135 3995 1189 4032 nou
1207 3981 1310 4030 timent.

223 4069 309 4122 quarta
328 4061 462 4130 deniqne,
493 4061 563 4130 quod
590 4059 711 4111 adhunc
741 4058 810 4109 diem
832 4053 1060 4122 comprehendere
1084 4067 1114 4104 sa
1143 4051 1207 4102 dicit
1224 4049 1312 4103 solum

222 4124 406 4186 immutabilem
425 4142 453 4185 et
470 4133 615 4184 increatam
640 4131 733 4194 deum,
753 4127 844 4180 lumen
863 4126 975 4180 alterum
995 4132 1022 4176 ct
1039 4125 1203 4186 increatum,
1230 4130 1259 4174 ut
1277 4136 1311 4172 es

222 4202 393 4259 translatione
416 4206 448 4258 acl
474 4204 623 4258 subiectum
651 4201 800 4271 prolectam
827 4197 955 4251 insolenti
980 4194 1021 4248 illi
1049 4203 1076 4246 et
1095 4195 1221 4248 dementi.
1270 4191 1311 4244 bis

223 4282 284 4324 sero
304 4287 331 4330 ct
347 4276 409 4329 aliis
428 4279 536 4344 insuper
555 4280 676 4342 unquam
700 4269 927 4340 propositionibus
955 4265 1067 4336 prolatis
1088 4267 1195 4318 minimo
1214 4262 1311 4327 dubiis,

222 4348 249 4391 nt
265 4356 470 4402 consentaneum
499 4355 541 4400 est
571 4345 771 4400 conclusionem
798 4357 852 4395 non
880 4340 985 4393 dubiem
1011 4337 1185 4402 adiecerunt,
1205 4335 1323 4387 scilicet¹

222 4412 284 4468 iilia
308 4421 517 4473 controversiam
544 4434 620 4483 esse,
642 4432 700 4469 cunr
721 4415 753 4467 ab
774 4415 849 4468 initio
879 4411 958 4464 etad
983 4409 1010 4462 id
1026 4417 1132 4476 tempus
1151 4405 1311 4484 Masclianae
1373 4452 1375 4457 .

222 4478 323 4544 lscrest
339 4492 471 4545 addictam
487 4491 580 4545 inisse.
619 4490 670 4541 boe
688 4490 759 4542 enim
772 4488 876 4540 asioma
896 4481 976 4534 raldo
995 4481 1133 4549 probatum
1154 4487 1194 4532 est
1214 4486 1241 4530 et
1261 4493 1311 4529 ex.

221 4558 299 4616 limis
319 4571 347 4617 et
362 4564 471 4629 nostris,
484 4563 629 4631 magistris,
648 4562 751 4613 aseris
767 4566 794 4611 et
811 4571 865 4610 non
878 4553 1010 4622 ambiguis
1022 4549 1248 4619 propositionibus
1259 4563 1312 4602 aa.

220 4638 272 4682 itm
289 4643 316 4688 at
334 4635 485 4690 evidentem
504 4633 704 4688 conclusionem
720 4630 876 4684 necessario
895 4625 1036 4694 consequi.
1055 4623 1224 4693 quamobrem
1243 4623 1312 4676 luctu

307 4731 471 4805 som
488 4730 599 4804 στερη.
625 4727 680 4786 ιιι
700 4726 756 4785 ιιι.
1080 4720 1116 4774 ου
