3675 5592
496 651 546 733 54
792 660 1018 733 nicaenum
1048 658 1278 733 Gliffiolllss

494 831 574 897 λιάν
595 827 732 910 όκτίναν,
756 823 869 904 όττσίας
886 830 922 894 έκ
935 827 1037 893 πόθου
1054 832 1109 895 καί
1123 829 1315 916 φλεγομένης
1326 830 1436 913 ψυχῆς
1458 828 1580 893 husto

494 929 576 1014 τορός
596 933 644 1011 σέ,
665 928 719 995 καί
740 932 815 1014 πρίν
835 931 867 1006 ίς
886 929 940 995 τὸν
964 934 1126 1013 βασίλειον
1148 928 1249 996 oleis
1270 930 1453 1015 άναχθῆναι
1467 930 1581 1013 θρόνον,

494 1029 550 1095 καί
566 1022 652 1105 ὄντας
663 1033 720 1113 τῆς
735 1032 793 1112 σῆς
809 1031 959 1117 ἔξῆρτητο
974 1034 1033 1112 μέν
1049 1036 1106 1097 καί
1117 1030 1254 1116 γλώττης
1267 1029 1323 1095 καί
1336 1033 1474 1117 γραφῆς,
1485 1030 1584 1117 άφθε-

495 1134 655 1215 νατέρους
676 1134 707 1195 δ’
728 1124 826 1208 σάτός
857 1128 935 1210 cosla
956 1134 1106 1219 έντρόθεν
1128 1131 1247 1218 έτρόγα
1267 1130 1426 1219 καρπούς,
1448 1130 1491 1209 rig
1513 1124 1584 1197 τίνοι

493 1234 618 1317 μηδένα
641 1235 705 1298 τεόν
734 1232 860 1299 πάντων
893 1226 955 1322 ὅτῳ
977 1240 1047 1299 ποτ’
1078 1226 1117 1299 όν
1145 1234 1295 1319 οἰηθῆναι
1318 1234 1391 1318 ένῆν
1412 1228 1604 1316 έμγενέοθαιέ

497 1336 543 1422 τῆ
562 1327 637 1417 ῆθετ
655 1332 776 1420 τροαῆν
798 1338 919 1401 ἐκείνου
939 1333 1033 1417 τινά,
1054 1338 1176 1420 μάλλον
1197 1340 1257 1418 μέν
1276 1328 1334 1401 σάν
1354 1332 1411 1399 καί
1431 1332 1587 1399 συνεπεδε-

498 1427 591 1499 όάναι
611 1441 682 1510 ταῖς
701 1440 759 1500 τοῦ
779 1434 899 1519 χρόνου
919 1436 1048 1520 τύχαις.
1092 1440 1150 1503 νόν
1172 1438 1199 1500 δ’
1219 1431 1384 1522 έληλυθάς
1405 1434 1462 1499 καί
1481 1432 1586 1516 μαθάν

496 1532 543 1609 τίς
563 1535 598 1599 lu
610 1535 795 1620 διαμέτρου
814 1534 856 1600 τά
878 1532 1052 1621 πράγματα
1068 1538 1175 1622 σταίη,
1194 1536 1251 1603 καί
1273 1531 1411 1619 άμοιβάς
1423 1556 1476 1601 σοι
1496 1534 1588 1618 διόοίρ

495 1641 560 1703 τεόν
593 1634 697 1702 αόναν
724 1640 782 1702 καί
814 1639 955 1724 φίλτρων
986 1632 1055 1716 οἵας
1082 1638 1137 1707 σοι’
1163 1642 1222 1721 μέν
1245 1638 1326 1721 άτιλρ
1348 1636 1515 1720 εόσεβειάς
1534 1636 1589 1701 tt-

497 1739 606 1803 λοόντι
628 1738 739 1823 φέρειν
760 1740 878 1822 ε’χρῆν,
911 1742 1019 1829 έεείνφ
1050 1742 1082 1805 rl’
1116 1738 1280 1830 ἐπιφέρειν
1314 1740 1355 1804 ου’
1379 1735 1471 1821 μάλα
1502 1740 1620 1823 ίχρῆνιλ

499 1832 591 1925 (οὔτε
621 1836 683 1922 γάρ
718 1837 748 1905 σί
779 1837 897 1931 όιάκτῃ
925 1844 1075 1924 γενέσθαι
1108 1845 1165 1928 τῆς
1199 1842 1362 1925 εὐσεβείας
1383 1836 1505 1927 ἐχρῆν,
1528 1834 1590 1909 sit·

498 1934 584 2016 όαας
614 1942 693 2007 κοτέ
723 1945 881 2031 γενομένῳ
899 1940 992 2007 ’κατά
1025 1945 1084 2009 nel
1111 1946 1239 2029 κινῆσαι
1266 1939 1327 2028 τῆν
1360 1940 1492 2027 γνάμῆν
1521 1934 1591 2015 όλας

496 2042 629 2128 έχρῆν),
652 2044 690 2108 ol
713 2045 774 2125 μὲν
794 2042 975 2129 ἐμακάρισε
997 2046 1052 2129 τῆς
1067 2048 1252 2131 καρτερίας,
1274 2043 1363 2133 aurel
1386 2042 1591 2146 sl'xq'xlloilqs

497 2143 628 2229 spelpes
648 2166 684 2225 ys
713 2144 770 2227 τῆς
791 2144 954 2219 άιτονσίας.
996 2148 1117 2227 μάλλον
1132 2147 1160 2209 δ’
1184 2142 1346 2231 έόάκρυσα
1367 2145 1423 2228 τῆς
1442 2142 1592 2215 σίααλείος

497 2240 554 2306 τόν
583 2236 763 2328 ἄνθρωπον.
816 2248 871 2309 κατ’
897 2248 1006 2325 μέντοι
1035 2244 1092 2312 καί
1117 2242 1311 2329 έθαόμασα,
1341 2246 1396 2312 καί
1421 2240 1621 2325 θαυμάζοντα

498 2344 540 2407 ου’
563 2343 739 2431 τιαόσομαι,
760 2348 828 2421 πῶς
855 2348 1003 2412 τοσοῦτον
1034 2346 1274 2430 όταλαίιτωρος
1305 2344 1466 2413 ἐλάνθανε
1489 2343 1592 2429 χρόνον

498 2442 630 2528 άμρίσυς
651 2439 734 2511 σάτα
756 2448 861 2532 θῆρας
881 2452 993 2525 κακίας
1014 2450 1048 2513 όν
1066 2450 1105 2537 τῆ
1126 2444 1231 2536 λόχμῃ
1261 2444 1386 2531 βόσκων
1406 2444 1465 2531 τῆς
1484 2446 1592 2529 ψυχῆς.

496 2545 529 2609 εἰ
548 2548 608 2627 μὲν
630 2539 688 2611 σόν
702 2545 801 2631 ίερσϊς
819 2548 886 2645 τισί
904 2549 963 2614 καί
983 2548 1173 2636 οίνιορρῆτοτς
1195 2546 1244 2634 εἴη
1264 2549 1368 2632 λόγοις
1391 2542 1594 2627 όνόιαιτάμε-

499 2668 553 2711 νον
572 2644 607 2713 τά
629 2652 774 2732 πρᾶγμα,
795 2650 998 2733 θαυμάζοιμι
1018 2654 1105 2733 μέντ’
1125 2645 1164 2717 όν
1184 2652 1237 2715 αἐί
1256 2650 1398 2731 prende,
1421 2648 1551 2733 ζήτησιν
1570 2646 1592 2707 l'

500 2748 654 2829 ου’όεμιαν
677 2741 806 2839 οάόαμῆ
827 2755 905 2819 nori
927 2750 1049 2829 λόσεοος
1069 2752 1285 2839 αρσινόγκσιμ
1305 2745 1346 2819 όν
1367 2747 1490 2815 οάόενί.
1534 2747 1622 2821 ἀλλ’τσ

500 2847 575 2914 άντί
594 2847 720 2916 πάντων
740 2850 779 2917 τά
798 2854 854 2937 τῆς
872 2854 930 2938 σῆς
943 2853 1069 2937 ἀρκέσει
1082 2876 1139 2939 μοι
1158 2858 1300 2939 θεαρίας
1323 2848 1404 2937 πρός
1422 2850 1592 2937 θεραπείαν

499 2947 657 3039 φάρμακα
664 3002 674 3036 ,
705 2951 761 3019 καί
780 2950 814 3020 τί
838 2957 897 3021 τιν’
919 2946 1033 3023 άλλοσε
1057 2960 1220 3044 φέρουσαν
1240 2952 1370 3041 potitore
1398 2948 1509 3039 κοννῆν
1530 2950 1592 3034 όμι·

362 3288 381 3303 ‘
499 3292 553 3348 tuis
570 3290 737 3347 sermonibus
755 3294 917 3363 scriptisque
939 3294 1080 3358 deuinctus
1099 3294 1248 3349 uberrimos
1270 3292 1372 3348 lructus
1390 3292 1455 3347 inis
1466 3292 1523 3349 coll
1560 3295 1592 3347 's-

499 3374 550 3420 set.
587 3380 671 3435 quare
689 3372 790 3417 tuntum
808 3366 910 3432 aberat,
932 3376 961 3420 ut
980 3369 1038 3421 eius
1056 3383 1144 3421 mores
1164 3368 1338 3420 mutationem
1358 3367 1490 3436 quandam
1510 3384 1540 3421 su
1558 3368 1591 3420 ire

498 3452 580 3505 posse
598 3438 658 3505 quis
677 3444 791 3505 putaret,
810 3446 839 3490 ut
858 3454 905 3490 eos
925 3440 1003 3491 etiam
1021 3440 1149 3507 temporis
1169 3438 1383 3509 atquefortunae
1400 3438 1592 3491 conditionibus

499 3512 692 3561 incrementum
714 3517 839 3577 capturos
859 3526 919 3562 esse
940 3509 1121 3565 arbitraretur.
1167 3526 1246 3580 quum
1267 3518 1355 3562 autem
1375 3518 1436 3577 post
1457 3512 1593 3565 adventuo

498 3596 586 3633 meum
608 3596 810 3649 cognoscerem,
829 3598 917 3635 rerum
939 3590 1033 3636 statum
1054 3582 1135 3651 plnue
1160 3583 1322 3635 contrarium
1343 3596 1403 3633 esse
1423 3590 1452 3633 et
1473 3598 1533 3635 eum
1551 3580 1593 3633 tibi

498 3667 548 3721 pro
568 3650 704 3704 laboribus
723 3660 804 3721 atque
822 3654 956 3705 ausoribus
981 3656 1091 3724 gratiam
1110 3653 1328 3725 talem‘reierre,
1356 3651 1463 3722 qualem
1488 3661 1517 3705 tu
1536 3652 1592 3721 qni-

498 3725 558 3777 dem
577 3730 606 3775 ut
624 3722 766 3793 religionis
793 3722 894 3777 athleta
914 3728 1039 3794 accipere
1065 3724 1200 3791 debebas,
1229 3724 1278 3777 ille
1303 3740 1369 3777 uere
1396 3724 1593 3794 haudquaquam

498 3795 604 3850 referre
624 3794 739 3847 debebat
758 3798 862 3866 (neque
881 3798 951 3849 euim
970 3797 1131 3865 religionem
1150 3812 1265 3867 unquam
1290 3798 1419 3865 persequi
1440 3812 1550 3865 noque,
1573 3796 1592 3845 si

498 3866 602 3937 quando
625 3866 676 3919 hoc
700 3866 821 3933 laceret,
850 3884 957 3921 sensum
976 3884 1050 3922 snum
1077 3870 1105 3920 in
1132 3877 1159 3921 te
1183 3868 1235 3921 ulle
1270 3884 1304 3921 ex
1324 3875 1400 3937 parte
1417 3876 1522 3921 mutare
1541 3880 1593 3918 euna

497 3937 635 4009 decebat),
655 3946 682 3989 te
703 3938 810 4007 quidem
831 3939 865 3991 ob
886 3940 1066 3993 fortitudinem
1089 3940 1196 3993 felicem
1215 3940 1420 4008 praedicabam,
1449 3938 1493 3992 illi
1511 3947 1593 3991 autem

498 4011 532 4065 ob
552 4011 711 4062 dementiam
738 4024 812 4062 suam
833 4026 961 4081 perquam
986 4012 1193 4076 succensebam
1212 4012 1399 4065 uehementius
1423 4018 1514 4063 tamen
1540 4010 1592 4062 eius

496 4084 633 4135 interitum
652 4080 841 4133 illacrimabar.
884 4082 999 4137 mirabar
1023 4096 1088 4137 sane
1108 4100 1197 4153 neque
1216 4098 1330 4153 unquam
1349 4083 1439 4135 mirari
1459 4083 1591 4143 desinam,

497 4154 629 4222 quemodo
651 4155 733 4205 miser
751 4154 802 4205 iste
824 4162 924 4207 tentum
941 4158 1069 4224 temperis
1089 4164 1140 4207 tam
1160 4156 1231 4208 ieras
1249 4153 1474 4224 atqueiorprobas
1494 4152 1592 4206 belluas

495 4227 524 4277 iu
541 4226 622 4277 animi
640 4224 751 4278 latebris
772 4225 840 4287 clam
854 4226 929 4279 alere
947 4229 1073 4295 potuerit.
1096 4229 1119 4279 si
1137 4244 1180 4279 res
1198 4230 1282 4281 sacris
1301 4226 1455 4297 quibusdam
1475 4233 1503 4278 et
1520 4240 1591 4277 arcu-

496 4296 539 4348 nis
556 4297 705 4349 rationibus
724 4296 847 4350 involuta
866 4307 915 4362 est,
936 4303 1017 4352 tacite
1037 4316 1095 4352 cam
1113 4314 1220 4367 semper
1239 4300 1355 4353 mirabor
1375 4311 1463 4367 neque
1483 4310 1592 4365 unquam

499 4380 532 4417 ex
550 4365 607 4418 ullo
630 4368 827 4437 quaesiverim,
849 4372 981 4437 quomodo
1004 4372 1123 4441 expediri
1143 4372 1236 4439 possit.
1271 4372 1318 4427 sed
1336 4386 1401 4440 pree
1421 4372 1518 4422 ceteris
1538 4382 1591 4418 om.

501 4436 580 4489 nibus
601 4439 633 4490 ad
650 4455 735 4493 meam
757 4442 920 4492 curationem
940 4443 1076 4496 sufficient
1094 4444 1295 4509 medicaments;
1316 4458 1385 4512 quae
1403 4447 1590 4494 tuuecoutsnr-

504 4506 639 4591 plutiones
660 4512 797 4578 praebent,
809 4514 888 4565 etiam
905 4514 929 4567 si
948 4515 1112 4587 colloquium
1131 4518 1164 4569 de
1175 4515 1236 4569 aliis
1246 4517 1326 4569 rebus
1335 4530 1437 4585 meeum
1455 4512 1589 4567 instituere

503 4576 584 4633 relus.
617 4580 659 4633 siu
680 4590 768 4635 sutem
786 4592 875 4639 mente
895 4584 999 4641 doctam
1020 4588 1148 4658 quandam
1167 4589 1357 4659 cogitationem
1370 4584 1542 4654 conceperis,
1558 4594 1589 4633 ue
