3675 5592
354 684 858 755 msroassunaauunuan
874 687 1000 752 mur.
1022 666 1209 753 at-at.
1268 675 1340 752 aar

239 829 483 935 ἀόιαφοροόστν,
499 854 554 918 ἕπτ’
566 854 717 916 τοσοῦτον
731 847 784 916 τόν
803 848 914 914 λοιπόν
933 853 987 932 τῆς
1003 843 1128 914 ὲαοτοόν
1155 848 1238 928 ζσοῆς
1258 843 1343 930 χρό-

238 973 292 1015 νον
314 949 361 1027 ἀς
382 954 489 1017 πᾶσαν
509 952 645 1016 ἀτοπίοιν
668 949 819 1035 πράττειν
842 949 960 1032 dasne,
982 954 1145 1032 μοιχείαις
1164 948 1343 1029 ἀσελγείαις

236 1055 511 1135 γαστριμαργίατς
545 1054 794 1149 ἀλληλογρμιόιις
830 1054 887 1116 ταί
928 1049 1122 1129 ἁπαξαπλῶς
1160 1051 1194 1112 ἐν
1227 1048 1344 1122 πόσαις

236 1154 393 1227 ἀσωτίαις
413 1152 713 1234 ίγτολινόοόμενοι,
732 1153 774 1216 τό
795 1155 929 1217 τοιαῦτα
950 1149 1102 1234 πρόττειν
1123 1150 1258 1224 ἀπαθοός
1289 1170 1345 1212 τε·

216 1250 442 1336 οραττόονται,
467 1252 674 1336 ἀναισθήτως
696 1255 858 1327 νοσοῦντος
872 1249 931 1336 τὴν
955 1251 1145 1334 όμπόθτταν,
1167 1252 1223 1314 ταί
1243 1249 1343 1313 ἀναλ-

236 1350 343 1435 γήτοις
372 1350 431 1439 ἀφ’
452 1346 575 1418 ἓαοτοόν
602 1351 781 1436 πάσχοντες
808 1353 865 1416 ταί
885 1353 950 1416 τεόν
979 1352 1014 1416 όν
1036 1349 1143 1424 οότοίς
1174 1346 1344 1416 αἰτούντων

237 1453 411 1536 δαιμόνων,
432 1448 540 1534 οἵσπερ
564 1450 595 1518 oi
615 1456 775 1540 φρενίτιδι
799 1455 1008 1536 κατεχόμενοι
1030 1453 1126 1542 νόσῳ.

339 1549 484 1638 Βόρησει
505 1555 535 1618 δ’
555 1548 572 1616 ό
594 1552 788 1636 βουλόμενος
815 1553 891 1636 περί
913 1553 1031 1618 τοότοσν
1050 1555 1110 1618 τόν
1129 1557 1172 1643 τῷ
1192 1547 1259 1640 όρρ
1280 1553 1410 1617 τάνΙΙ

235 1657 422 1738 πραττιτῶν
442 1657 499 1736 τῆς
519 1654 610 1738 όγίος
639 1656 696 1718 τοί
724 1656 944 1736 οἰκοομενινῆς
978 1653 1086 1739 τρίτης
1113 1655 1271 1735 σονόόοα,
1291 1651 1347 1718 τισί

201 1754 355 1836 ίοόμοίοτς
368 1756 426 1839 τῆς
438 1751 587 1842 ἑβδόμης,
603 1750 690 1831 ὅπως
703 1779 739 1820 τι
752 1753 988 1835 ότπομπεόοσσι
1004 1755 1060 1818 καί
1074 1749 1345 1836 ἀναθεματίζοασι

234 1857 297 1932 τός
315 1854 470 1938 μοσαράς
483 1855 590 1922 οότιόν
604 1859 764 1940 ἐργασίας,
784 1857 840 1918 καί
853 1849 939 1928 όπιτς
951 1850 1025 1928 τοός
1038 1851 1152 1928 ου’τοός
1165 1856 1346 1920 Μασαλια-

236 1953 313 2032 νοός
323 1981 360 2022 aa
370 1961 505 2023 τολσόστ
519 1961 575 2022 κατ’
584 1953 847 2041 Μορκιωνεστάς.
885 1954 1058 2038 ἀρτίσοοσι
1075 1957 1105 2018 θ’
1119 1951 1165 2018 ἔτι
1175 1952 1230 2018 καί
1242 1957 1300 2021 νόν
1312 1959 1345 2032 ός

239 2053 474 2138 όηλιοσινόλλό
487 2081 520 2122 τε
529 2064 660 2123 πλεῖστα
672 2053 838 2140 μαρτόρια
848 2056 907 2120 ταί
919 2057 1020 2141 σαφῆ,
1030 2054 1153 2138 ταίπρό
1167 2078 1202 2139 γε
1216 2052 1344 2122 πάνταν

243 2155 276 2220 οἱ
295 2159 331 2220 aa
343 2159 397 2220 τοό
409 2149 506 2223 'Aius
526 2159 586 2222 τοῦ
606 2151 703 2238 ὅρους
715 2159 771 2220 τισί
785 2155 834 2230 όός
854 2159 910 2220 κατ’
921 2158 991 2238 τρίς
1002 2157 1058 2219 ταί
1071 2152 1220 2231 πολλάκις
1234 2157 1346 2241 όληλσ.

206 2257 340 2332 anaim
352 2263 663 2343 πεπαρρησιαομόνοι
680 2261 737 2323 ταί
748 2252 904 2341 όπαιθροι
925 2256 1026 2339 τόμοι,
1040 2258 1078 2322 τό
1090 2255 1212 2321 τοότσοτ
1222 2253 1344 2340 αίσχρά

244 2361 322 2423 καθ’
336 2357 704 2441 ότσοταπαριοτάντες.
743 2358 812 2422 ἀλλ’
834 2359 867 2423 εἰ
880 2361 941 2441 μὲν
964 2357 1045 2422 τοῦτ’
1076 2349 1115 2440 ἦν
1137 2355 1154 2420 ό
1177 2358 1233 2442 τῆς
1254 2355 1345 2440 ἧμάν

237 2461 402 2540 εάσεβτιὶις
421 2460 476 2525 τισί
494 2464 631 2536 πίστεως
648 2452 734 2541 όρος,
754 2461 875 2524 είόόναι
889 2456 1151 2542 παῖςΘσβιόρτταί
1165 2454 1291 2540 Ἔρμοόν
1311 2454 1346 2522 όν

234 2563 279 2645 τηῖ
301 2559 441 2640 ἀνόματι
461 2563 576 2642 τορίοο
595 2559 852 2643 η’γαλλτόσαντο,
886 2563 944 2624 ταί
964 2561 1009 2634 εἰς
1036 2559 1121 2624 τοῦτ’
1144 2555 1284 2642 ἀνόγιιης
1304 2546 1344 2640 ἦν

235 2659 269 2725 τό
291 2657 540 2742 περειστόμενον
558 2658 617 2735 τός
635 2663 972 2740 ότείθοομοτοττοιίας
993 2661 1113 2726 etatae·
1134 2661 1190 2723 ταί
1208 2657 1345 2734 τοόταις

197 2763 291 2842 ταιῆς
314 2759 561 2842 προσκυνήσεως
583 2764 691 2840 νόμτιν
718 2757 753 2826 τό
774 2761 964 2843 κράτιστον,
995 2761 1121 2843 πρῶτον
1150 2761 1209 2842 μόν
1233 2759 1433 2842 σοφάνλλόλ
1444 2777 1472 2820 τ.

234 2863 492 2950 denodandam
510 2857 592 2942 πρός
622 2857 756 2943 ἔρευναν
786 2862 975 2946 τάσφαλοῦς
1000 2861 1137 2942 ἀκριβῆ,
1174 2860 1229 2925 κατ’
1248 2857 1343 2923 οόόόν

238 2953 274 3024 ἀν
295 2953 339 3045 ἧν
368 2956 565 3046 ἀόιιιάτερον
594 2958 674 3027 τατό
697 2960 753 3026 τόν
783 2959 914 3027 εἰπόντα
935 2966 994 3049 τῇς
1024 2961 1180 3046 όριττόρας
1198 2961 1342 3040 πίστεως,

237 3064 269 3128 τί
285 3061 324 3128 τό
345 3065 443 3134 πλόον
463 3055 551 3148 εἶχον
572 3058 603 3128 οἱ
623 3063 742 3150 σοφοί,
770 3060 826 3128 καί
854 3062 911 3128 οόιι
931 3065 980 3129 ἐπ’
1002 3058 1073 3148 ἴσης
1102 3063 1161 3128 τοό
1179 3059 1343 3141 σοόζεσθοι

226 3407 332 3464 tatem,
356 3410 433 3448 usum
465 3409 525 3449 cum
542 3395 657 3449 sitorum
680 3397 827 3463 uxuribus,
857 3397 965 3449 omnino
991 3409 1027 3448 ne
1045 3393 1136 3449 multis
1165 3393 1255 3449 verbis
1283 3401 1343 3448 ntar

226 3485 343 3524 oannem
361 3467 499 3520 libidinem
526 3483 577 3537 qus
608 3469 726 3522 immersi
750 3469 816 3521 talia
834 3468 925 3520 iecere
950 3466 1038 3535 palan
1056 3481 1111 3519 non
1136 3473 1296 3520 vererentur
1315 3474 1343 3519 et

224 3546 275 3595 sic
293 3551 421 3609 tanquan
436 3541 507 3591 omui
526 3555 608 3591 sensu
627 3540 758 3592 alienatus
784 3539 908 3593 laborare
933 3553 980 3590 eos
1005 3537 1098 3590 morbo
1118 3539 1342 3606 intemperantiae

223 3629 301 3666 snae
330 3619 358 3663 et
386 3612 466 3662 duros
494 3617 615 3668 asemet
640 3612 706 3677 ipsis
735 3619 762 3662 et
784 3627 800 3662 a
825 3610 998 3663 daemonibus
1017 3610 1063 3679 qui
1089 3609 1171 3670 iniis
1191 3609 1342 3662 habitarent

222 3683 344 3754 perpeti
365 3683 500 3734 cruciatus
518 3690 547 3733 ut
567 3683 612 3750 qui
631 3682 759 3750 phrenesi
777 3681 869 3734 morbo
887 3682 976 3734 affecti
995 3687 1118 3761 essent&

336 3754 462 3830 inueniet
479 3787 568 3830 autern
588 3779 621 3830 de
639 3777 681 3830 his
701 3779 746 3848 qui
767 3777 911 3833 consulere
931 3777 999 3832 velit
1017 3779 1044 3830 in
1063 3753 1206 3845 disciplina
1223 3777 1258 3832 de
1276 3791 1340 3844 pra.

223 3851 314 3906 cticia
335 3858 443 3902 sanctae
467 3858 495 3900 ct
513 3852 704 3908 oecumenicae
719 3851 814 3902 tertiae
833 3850 929 3916 synodi
949 3849 1027 3902 etiam
1046 3850 1187 3916 septimae,
1207 3847 1339 3916 quomodo

221 3922 373 3976 diffament
391 3929 419 3971 et
438 3922 616 3972 condemnent
634 3922 721 3988 turpia
739 3920 832 3974 horum
854 3923 973 3973 facinora
1001 3929 1029 3972 et
1049 3920 1181 3990 quomodo
1201 3917 1341 3972 Massalia.

220 4009 283 4046 nos
304 3993 372 4044 istos
390 3992 530 4059 appellent
540 4000 566 4045 et
575 3992 769 4046 marcionistas.
799 3992 966 4044 satisfacient
979 4001 1066 4044 uuieru
1085 4007 1157 4043 nuuc
1176 3989 1207 4042 ad
1228 3989 1342 4042 eviden-

219 4069 298 4118 tiam
317 4063 371 4114 alia
390 4063 505 4131 piurima
522 4063 676 4116 testimonia
695 4061 833 4114 luculenta
857 4071 885 4115 et
902 4079 967 4130 prae
997 4061 1058 4114 aliia
1076 4061 1197 4114 omnibus
1221 4075 1289 4129 quae
1308 4057 1342 4110 ab

220 4134 307 4191 Atho
325 4142 416 4185 munte
434 4133 476 4185 bis
497 4142 524 4186 et
541 4142 583 4186 ter
603 4142 630 4186 et
651 4135 760 4200 saepius
779 4135 880 4186 τόσοι
908 4141 1092 4201 pervenerunt
1111 4131 1238 4200 evulgata
1257 4138 1284 4182 et
1303 4127 1342 4182 li-

220 4207 300 4260 bere
319 4202 409 4272 palam
428 4207 550 4272 exposita
575 4206 733 4256 documenta
759 4205 854 4274 quibus
880 4206 988 4258 illorum
1014 4202 1121 4272 singula
1143 4202 1245 4270 flagitia
1269 4201 1341 4253 iudi-

219 4285 340 4332 untur.
378 4284 405 4327 at
427 4276 450 4328 si
469 4278 566 4344 pietais
584 4285 693 4330 nostrae
713 4284 740 4328 et
759 4285 867 4328 sauctae
888 4277 1026 4329 doctrinae
1039 4277 1168 4327 intererat
1186 4273 1341 4341 intelligere

218 4347 370 4420 quomodo
379 4346 484 4399 Thabor
503 4347 655 4400 etiiermon
668 4349 696 4398 in
709 4349 818 4399 nomine
837 4347 937 4415 demini
950 4347 1079 4400 celebrati
1096 4352 1188 4397 essent
1207 4351 1234 4396 et
1254 4346 1277 4396 ai
1291 4343 1341 4394 hac

217 4425 262 4474 de
281 4435 319 4472 re
338 4419 520 4470 neceesarium
552 4421 658 4471 omniuo
686 4427 744 4471 erat
767 4435 836 4488 quae
864 4436 923 4483 cum
941 4418 1077 4471 miraculis
1107 4416 1144 4468 ibi
1173 4415 1251 4467 editis
1271 4429 1340 4466 con.

217 4495 327 4544 iuncta
345 4490 460 4542 fuissent
475 4491 625 4560 inquirere,
644 4491 733 4562 iisque
760 4493 962 4544 venerationem
981 4503 1107 4544 summam
1127 4487 1262 4541 tribuere:
1281 4485 1341 4554 pri.

217 4579 305 4620 snum
324 4577 394 4632 ορατ
413 4570 470 4616 erat
491 4571 553 4616 uta
573 4565 639 4618 risis
659 4563 746 4620 doctis
766 4579 836 4634 quae
856 4571 930 4616 certa
948 4563 1002 4616 sint
1020 4565 1146 4616 accurate
1166 4559 1339 4632 inquireren-
