3675 5592
476 664 582 759 tot.
787 684 1012 755 mcunom
1042 642 1282 754 canonum

477 846 514 914 τό
535 846 618 914 πάνυ
640 871 672 914 τι
691 849 867 935 κράτιστον,
887 845 932 926 σός
952 850 986 916 ἐν
1006 855 1074 926 ταῖς
1098 848 1214 934 ἀρχαῖς
1234 851 1297 914 τών
1316 843 1480 935 ἡμετέραν
1499 851 1581 914 τών-

480 953 516 1015 δε
535 951 637 1036 λόγων
657 949 735 1035 ἡμῖν
762 949 804 1016 τὰ
832 952 908 1038 περὶ
936 951 1032 1016 αὐτοῦ
1059 951 1253 1038 πλατύτερον
1280 949 1423 1036 εἴρηται,
1454 950 1582 1016 πάντων

478 1044 620 1134 μάλιστα
651 1057 798 1119 πλεῖστον
831 1051 1069 1140 άντεισενεγκών
1090 1049 1180 1140 ,ὑπὲρ
1213 1051 1376 1136 εὐσεβείας
1402 1051 1455 1118 τόν
1477 1055 1583 1137 ζῆλον,

477 1153 533 1218 καὶ
565 1152 752 1238 ἀπιστήσας
784 1164 852 1233 τοῖς
872 1157 942 1222 τότε
975 1153 1057 1224 κατὰ
1083 1158 1146 1222 τῶν
1168 1156 1266 1221 θείων
1298 1154 1429 1220 εἰκόνων
1450 1161 1584 1237 μανεῖσι

477 1254 655 1379 τυράννοις,
679 1253 736 1343 ὕφ’
760 1249 805 1322 ὧν
825 1257 881 1323 καί
899 1257 936 1324 τό
959 1257 1132 1342 πρόσωπον
1151 1258 1334 1343 γέγραπταί
1343 1281 1376 1320 τε
1398 1281 1451 1322 και
1475 1255 1581 1322 ἔστιν·
1590 1267 1605 1322 i

476 1381 533 1422 ται
561 1356 618 1421 nol
636 1380 693 1440 την
714 1359 899 1482 ἐπωνυμίαν
912 1359 943 1423 Γ
944 1383 1063 1443 ρσπτος
1086 1359 1209 1422 ἐκεῖθεν
1224 1357 1393 1443 κληθείς’
1373 1357 1583 1443 απηνόγκατο,

477 1437 643 1533 πλείσταις
663 1459 724 1540 μὲν
742 1483 796 1524 και
820 1455 962 1536 άλλαις“
953 1467 1056 1546 ιεραϊς
1084 1458 1182 1522 αδτοῦ
1202 1460 1325 1578 βίβλοις
1347 1457 1403 1544 τὴν
1422 1460 1479 1522 τοῦ
1502 1459 1585 1522 θεοῦ

477 1557 646 1641 ἐκκλησίαν
664 1558 858 1683 κεκόσμηκε,
888 1559 1028 1642 μάλιστα
1051 1561 1079 1624 δ’
1103 1550 1252 1633 alcazarel
1278 1561 1341 1624 τών
1363 1558 1584 1640 είκονομάχων

156 1736 161 1756 ι
476 1657 619 1736 ἐξέθετο,
647 1666 713 1735 τοῖς
733 1659 981 1747 συγγράμμασιν
1008 1657 1206 1744 ἐντυγχάνων
1229 1661 1285 1724 τοῦ
1312 1659 1381 1726 τότε
1407 1657 1448 1724 τά
1467 1663 1583 1744 πρώτα

156 1758 161 1813 l
478 1759 630 1885 φέροντος
658 1784 693 1824 εν
720 1761 826 1846 λόγοις
856 1760 993 1844 άσεβοῦς
1019 1759 1192 1842 Εόσεβίου·
1249 1725 1287 1826 ἐν
1310 1753 1361 1838 αἷς
1382 1761 1423 1826 τά
1440 1784 1474 1824 τε
1498 1756 1620 1826 dataro

156 1874 166 1947 'q
272 1937 276 1961 Ι
411 1880 531 1935 nm
525 1861 623 1926 τάδε
639 1864 779 1942 διέξεισι.
820 1863 1109 1945 κατακομψεάεται,
1132 1862 1242 1948 φησίν,
1263 1861 1348 1926 Εδσέ
1348 1863 1453 1944 βιος
1438 1885 1491 1926 επι
1512 1863 1583 1948 φώς

349 1957 617 2049 ,λλλῖοάρρητον
637 1962 694 2028 καὶ
716 1962 938 2047 άνεκδιήγητον
958 1961 1015 2026 καί
1034 1985 1077 2049 τῳ
1065 1964 1169 2048 θεῷ
1201 1961 1281 2048 λόγῳ
1305 1962 1427 2048 πρέπον
1447 1959 1506 2046 τὴν
1527 1965 1583 2026 τοῦ

332 2078 340 2090 “
477 2064 592 2131 δοόλου
614 2065 877 2148 μεταβεβλῆσθαι
893 2060 1024 2150 μορφὴν
1043 2064 1077 2128 ἐν
1090 2065 1136 2150 τῷ
1157 2060 1238 2149 δρει,
1261 2065 1330 2152 φώς
1349 2060 1429 2148 όπερ
1450 2062 1579 2149 όφθσλ-

474 2164 536 2250 μός
559 2164 616 2231 οόκ
639 2159 704 2230 εἶδε
724 2162 781 2229 καί
798 2158 854 2240 οδς
875 2163 932 2227 oola
953 2159 1070 2248 ἢκουσε
1092 2163 1148 2228 καί
1170 2164 1225 2229 ἐπί
1243 2165 1381 2252 καρδίαν
1403 2163 1579 2250 ἀνθρώπου

476 2267 533 2334 οὖν
555 2267 662 2352 άνὲβη.
703 2266 772 2356 ,καί
801 2263 820 2330 ό
840 2267 901 2348 μὲν
932 2263 1090 2347 Εὖσεβίου
1120 2265 1212 2350 λόγος
1243 2267 1384 2344 τοιοῦτος
1405 2265 1462 2331 καί
1482 2263 1579 2341 νότιος
1588 2279 1617 2332 15

475 2367 580 2450 ἔχων,
612 2367 670 2432 καί
700 2364 737 2431 τό
772 2370 838 2431 πᾶν
859 2366 947 2454 αὐτῷ
970 2367 1110 2431 ἐνταῦθα
1147 2369 1203 2450 τῆς
1225 2365 1375 2450 ἀσεβείας
1396 2367 1573 2452 ἐξήρτηται·

474 2467 551 2535 όποι
570 2471 600 2533 δ’
621 2466 709 2553 αὐτῷ
744 2466 837 2554 φέρει
869 2465 910 2532 τό
931 2456 991 2550 τῆς
1015 2469 1126 2551 καινῆς
1155 2469 1270 2552 ταότης
1292 2469 1501 2540 διδασκαλίας
1519 2463 1571 2528 καί

403 2581 406 2588 ’
474 2565 773 2653 editorumque
792 2567 840 2634 ἔνι
857 2567 1011 2650 μάλιστα,
1033 2567 1273 2653 συντομώτερον
1291 2567 1497 2651 σκεψώμεθα,
1519 2565 1570 2630 κατ’

475 2667 585 2747 δποϊος
609 2667 648 2753 δὴ
669 2669 725 2734 καί
745 2667 832 2745 ὅστις
864 2665 882 2733 ό
904 2673 960 2754 τῆς
980 2671 1158 2752 μεταβολῆς
1189 2669 1316 2754 τρόπος,
1338 2668 1581 2752 ἐπισκέψασθαι

474 2768 718 2855 πειρασώμεθα.
760 2773 825 2836 πᾶν
844 2768 880 2835 τό
903 2767 1181 2854 μεταβαλλόμενον
1209 2767 1231 2854 ἢ
1256 2775 1324 2834 κατ’
1349 2768 1464 2835 οὐσίαν
1483 2789 1614 2851 μετα-ω

474 2871 636 2955 βάλλεται,
659 2867 679 2936 ό
702 2870 741 2955 δη
761 2873 837 2956 περί
855 2874 978 2958 γένεσιν
1005 2871 1061 2936 καί
1088 2870 1218 2958 φθοράν
1250 2875 1435 2957 θεωρεῖται,
1458 2863 1481 2954 ἢ
1504 2867 1585 2934 κατά

472 2973 586 3036 τιτῶν
604 2972 638 3036 ἐν
658 2970 757 3058 αὐτῷ,
777 2972 834 3038 καί
854 2974 946 3036 τοῦτο
968 2973 1081 3052 διχώς·
1130 2969 1152 3056 ἢ
1172 2970 1234 3059 γάρ
1257 2969 1337 3036 κατὰ
1358 2968 1459 3036 ποσόν
1481 2993 1583 3050 μετο-

473 3071 646 3155 βάλλεται,
666 3072 749 3138 καθό
777 3072 800 3159 ἦ
822 3070 957 3159 αὔξησις
978 3075 1033 3138 καί
1064 3071 1246 3174 ἡμείωσις
1263 3077 1433 3150 δειλινυται,
1457 3067 1479 3157 ἢ
1502 3067 1586 3136 κατὰ

473 3324 513 3378 eit
531 3325 721 3379 certaminibdt
738 3325 853 3380 atudiunr
873 3326 1000 3394 oatendlt,
1018 3335 1048 3380 ut
1065 3328 1094 3380 lu
1113 3327 1253 3396 principila
1271 3325 1365 3380 hornut
1383 3324 1516 3380 librorum
1541 3325 1587 3380 rn-

474 3397 530 3450 aiut
552 3396 586 3450 da
605 3412 637 3450 eo
656 3397 734 3450 nobit
753 3397 852 3451 dictum
874 3407 930 3463 eat,
955 3402 1071 3452 omnium
1098 3399 1256 3452 acerrimum
1284 3405 1395 3467 propter
1419 3397 1588 3466 religionem

472 3468 588 3520 animum
609 3469 730 3521 exhibuit
749 3477 777 3521 et
793 3471 915 3536 tyrannia
936 3469 985 3523 illo
1004 3479 1125 3540 tempore
1145 3471 1178 3522 de
1196 3472 1281 3523 oacrio
1302 3468 1463 3540 imaginibut
1486 3470 1589 3522 iuren-

427 3568 431 3578 ι
470 3539 544 3591 tibae
563 3543 699 3608 opposuit,
716 3557 731 3593 a
751 3541 847 3608 quibua
866 3541 950 3594 laeiea
971 3545 1029 3596 eiua
1048 3543 1181 3611 descripta
1203 3549 1244 3594 eat
1263 3550 1290 3593 at
1307 3543 1423 3608 depicta,
1442 3541 1516 3594 unde
1535 3543 1589 3594 da-

471 3611 565 3696 teripti
590 3627 688 3664 nomen
716 3611 794 3676 tulit;
822 3627 902 3681 quum
928 3613 1051 3682 plurimia
1070 3613 1130 3667 aliia
1157 3613 1233 3666 libria
1261 3614 1306 3665 del
1330 3611 1473 3664 eccleciam
1500 3627 1590 3665 exor-

471 3684 557 3748 navit,
578 3691 632 3735 tum
654 3686 695 3735 eia
713 3681 843 3748 maxime,
863 3699 931 3753 quaa
950 3687 983 3737 de
1002 3685 1183 3738 iconomachis
1209 3686 1306 3748 edidit;
1331 3685 1358 3735 in
1378 3683 1551 3735 hittoriam
1543 3699 1590 3735 an-

472 3754 565 3807 eident
586 3754 695 3806 illiue
687 3757 761 3822 impii
786 3720 913 3821 uolenti,
941 3758 986 3826 qui
1011 3759 1038 3808 in
1069 3757 1117 3808 hac
1153 3771 1184 3809 re
1208 3759 1319 3824 primum
1339 3755 1455 3807 obtinuit
1481 3754 1590 3818 lacuna,

472 3833 582 3894 praeter
600 3825 655 3878 alia
674 3827 741 3879 haec
762 3827 885 3880 diruerit:
909 3830 980 3896 quod
1007 3828 1093 3879 lacem
1113 3827 1247 3880 inlaudata
1269 3835 1295 3878 et
1314 3825 1541 3894 ineuplicubilenr
1563 3833 1593 3876 et

472 3898 524 3950 deo
545 3897 630 3950 verbo
658 3898 791 3950 dicentem
820 3900 916 3950 attinet
934 3899 1072 3952 illudendo
1097 3899 1201 3966 profert
1222 3898 1355 3953 Eusebiae
1373 3899 1448 3950 aarvi
1471 3897 1590 3950 lornant

472 3977 646 4036 permutatam
674 3985 735 4021 eoae
754 3971 782 4020 in
800 3978 910 4035 moute,
943 3969 1029 4024 lucem
1054 3986 1131 4039 qnam
1156 3971 1247 4024 nullus
1276 3970 1371 4023 ocutus
1396 3969 1480 4033 uidit,
1505 3969 1593 4021 nulla

472 4041 547 4092 auria
565 4042 688 4108 percepit
708 4049 735 4091 et
755 4057 824 4109 quae
842 4042 870 4092 in
887 4041 991 4093 nullius
1011 4043 1125 4094 hominla
1144 4051 1239 4110 pectus
1258 4044 1343 4096 veuit.
1380 4041 1448 4093 haee
1470 4007 1592 4094 lluaebii

473 4109 576 4177 verba,
595 4111 692 4180 quibua
712 4119 793 4163 totam
813 4111 937 4165 haereain
958 4115 1208 4182 componitque
1227 4129 1293 4166 vero
1312 4111 1353 4165 illl
1372 4111 1441 4165 haec
1459 4111 1592 4164 doctrina

474 4191 502 4234 et
519 4183 616 4268 dogmu
633 4183 732 4246 flectat,
752 4198 842 4252 qnam
848 4187 963 4236 manime
982 4187 1075 4252 paucio
1096 4186 1234 4238 videamus
1255 4193 1282 4237 et
1300 4199 1369 4254 quae
1385 4183 1534 4252 qualiaque
1555 4185 1595 4236 ait

475 4255 679 4321 permutationi·
696 4255 767 4306 ratio
786 4256 941 4324 disquirere!
956 4271 1092 4308 conemur.
1139 4271 1217 4309 omne
1245 4258 1315 4325 quod
1344 4263 1512 4324 permutetur
1544 4261 1595 4307 nt

473 4325 656 4378 carentialiter
672 4334 847 4392 permutatur,
868 4328 894 4378 id
912 4329 983 4395 quad
1001 4337 1105 4395 spectat
1123 4329 1155 4380 ad
1177 4335 1262 4380 ortam
1282 4337 1309 4380 et
1322 4341 1446 4380 occatum
1458 4337 1507 4378 aut
1518 4343 1592 4394 per-

471 4396 633 4462 ticulariter,
653 4413 724 4466 quae
742 4397 812 4450 latio
832 4397 931 4466 duplex
951 4407 1003 4452 eat.
1024 4409 1070 4452 aut
1092 4401 1160 4452 enim
1172 4401 1205 4452 ad
1219 4401 1392 4468 quantitatem
1406 4407 1593 4466 permutatur,

470 4475 501 4518 nt
520 4470 610 4520 auctio
631 4477 659 4521 et
678 4468 824 4522 deminutio
846 4469 943 4521 autad
963 4471 1128 4540 qualitatem,
1149 4485 1182 4523 ex
1201 4487 1252 4540 qua
1272 4472 1446 4540 concoquitur
1456 4471 1591 4522 variatae

470 4539 495 4591 oi
513 4539 596 4606 iqltur
613 4540 645 4591 ad
665 4539 819 4608 qualitatem
834 4549 982 4608 permutata
1002 4553 1052 4608 eat,
1072 4545 1183 4596 adducta
1204 4551 1245 4596 cat
1262 4543 1295 4596 ad
1306 4543 1493 4608 variationem,
1514 4555 1592 4610 qaae

472 4615 516 4664 ut
531 4611 730 4681 tranadquratio
748 4613 912 4668 caemeteria
931 4613 1047 4668 aliculua
1067 4624 1112 4670 aut
1131 4617 1172 4669 in
1184 4631 1217 4668 re
1235 4616 1357 4670 aubleeta
1374 4616 1488 4669 natatio
1506 4615 1593 4668 linita
