3675 5592
493 651 566 730 188
795 654 1019 728 lilOEPllOIil
1051 652 1280 722 flamonia

427 889 430 896 ,
488 823 686 905 τακσσζηνοό
698 815 755 903 τὴν
770 820 890 884 όειλέαι
904 815 1067 899 ε’νεποιήσε
1086 817 1189 896 μέρει.
1231 803 1285 896 ἦτε
1304 811 1365 897 γὰρ
1382 815 1518 896 έλπέσας,
1536 813 1574 890 τός

490 923 583 1010 φατέ,
604 921 720 1011 ῥηόέαν
751 919 838 1008 αὐτῷ
859 917 914 1002 την
946 917 990 994 εἰς
1012 912 1190 995 Βυζάντιον
1210 914 1333 982 εἴσοδον
1354 911 1486 984 ἔσεσθαι
1506 914 1577 999 πρὸς

489 1025 582 1090 τιτοόν
602 1022 712 1107 κρόφα
726 1022 1013 1105 διαμηνυσαμένων
1039 1017 1126 1102 stirpi
1139 1015 1200 1098 πρό
1223 1018 1363 1098 βραχέος
1384 1011 1417 1082 τό
1434 1019 1489 1080 roal
1506 1041 1577 1082 συν-

489 1125 632 1208 θήματος
653 1123 771 1206 έρτῖμα.
812 1124 882 1188 iuss*
904 1119 975 1204 o'q‘
1004 1123 1131 1200 βασιλὶς
1154 1115 1274 1204 Εἰρήνη
1306 1119 1452 1204 διανέστη
1474 1141 1507 1184 τε
1524 1142 1579 1182 πε·

368 1279 375 1292 .
490 1229 645 1310 ραχρῆρια
676 1225 732 1288 κατ’
759 1222 1012 1306 δραστικοότερον
1042 1211 1063 1302 η”
1085 1217 1164 1284 κατό
1187 1220 1370 1304 γυναικείαν
1397 1219 1495 1304 φόσιν
1513 1220 1601 1292 ‹lto-5
1660 1299 1661 1310 η

491 1331 670 1412 νοηραριλνη
691 1326 748 1403 τός
769 1323 969 1407 πανταχόθεν
1002 1320 1259 1400 όποπτευομένας
1287 1321 1432 1397 εἰσόδους
1454 1319 1581 1403 τάχιστα

492 1426 693 1513 η’σφαλέσατό
711 1449 744 1492 τε
773 1428 829 1490 κατ’
861 1425 925 1490 ττόν
947 1419 1206 1502 ὑποπτευομένων
1235 1419 1282 1488 ἔτι
1303 1419 1482 1506 προσοόπων
1502 1418 1581 1494 έντός
1661 1505 1662 1512 η

493 1528 674 1605 ,Βυζαντίου
696 1524 755 1602 τοὶς
771 1521 875 1608 όρριός
888 1523 1044 1589 ἀνέστειλε
1062 1521 1145 1586 πάνυ
1167 1525 1310 1604 ταχείαις
1321 1521 1444 1607 χερσίν,
1465 1517 1583 1608 ότιρακ-

427 1649 544 1704 υτον
564 1626 662 1694 αότόν
685 1631 719 1694 έν
739 1629 843 1710 τρισίν
864 1626 999 1709 ἡμέροις
1030 1624 1182 1687 ἀπελθεῖν
1202 1618 1386 1707 ε’τιεπρόχει.
1429 1625 1506 1688 δέκα
1527 1645 1583 1702 με·

490 1725 570 1806 ταξό
591 1731 757 1811 παρῆλθον
781 1726 916 1810 ἡμέραι,
938 1723 994 1788 καλ
1014 1718 1096 1807 ἄρας
1124 1720 1139 1788 ό
1165 1721 1426 1808 Καντσκουζηνός
1448 1725 1481 1801 έξ
1500 1722 1620 1808 'Ops-tt

490 1829 618 1904 στιόέος
646 1821 719 1912 ἧκεν
746 1831 792 1904 εἰς
822 1823 1000 1906 Βυζάντιον
1031 1823 1085 1891 όιό
1110 1827 1221 1896 ταῦτα.
1271 1819 1586 1906 κατ”όποπτονέχαν

490 1926 526 1994 ie
546 1935 664 1994 πολλοῦ
695 1931 750 1998 τόν
781 1925 980 2012 πατριάρχην
1009 1929 1134 1996 πολλῶν
1154 1951 1186 2020 τε
1218 1919 1437 1992 όλλωνένεκα
1460 1927 1587 2008 καὶτῆς
1662 1920 1663 1938 ’

491 2025 571 2114 πρός
595 2030 817 2112 Παλαιολόχον
847 2028 988 2109 μα’λιστα
1009 2032 1121 2115 φιλίας
1146 2025 1202 2092 κατ’
1223 2025 1467 2112 όμοφροσόνης,
1490 2021 1587 2110 σοφόν

492 2125 578 2198 εἶναι’
606 2128 636 2195 οἱ
672 2125 865 2212 νενόμισται·
881 2138 995 2214 πεῖραν
1022 2134 1076 2194 κατ’
1101 2132 1157 2194 νόν
1190 2129 1356 2212 εἰληφέναι
1382 2129 1438 2212 τῆς
1467 2127 1588 2210 χντόμης

491 2235 601 2298 αότοό.
645 2239 775 2316 πέμψας
798 2225 856 2296 σόν
879 2223 971 2315 ἤρετο
992 2233 1024 2296 εἰ
1051 2229 1115 2315 χρὴ
1138 2239 1205 2306 ταῖς
1226 2231 1287 2296 τεόν
1310 2232 1517 2312 στρατιωτῶν
1540 2225 1589 2292 κατ’
1598 2247 1624 2302 15

491 2337 555 2400 τοόν
574 2329 678 2408 ἄλλως
698 2332 839 2416 ε’χόντων
869 2336 1082 2418 συγκλητικῶν
1103 2330 1230 2413 εἴξαντα
1252 2336 1339 2414 βίαις
1368 2327 1426 2416 τη’ν
1448 2355 1484 2396 τε
1515 2333 1591 2395 α’να-
1663 2371 1664 2374 =

491 2439 639 2518 χέρεσσιν
659 2440 716 2498 τοῦ
737 2431 832 2508 υλέως
865 2432 1014 2500 ἐνδοῦναι
1039 2435 1214 2500 Ματθαέσυ
1243 2438 1414 2516 γενέσθαι,
1452 2437 1507 2499 καλ
1526 2429 1591 2512 ἅμα

492 2541 536 2624 τῷ
554 2540 612 2601 τοῦ
628 2536 777 2619 ρόμβροό
791 2535 1018 2618 Παλαιολόχου
1040 2535 1272 2620 α’μνημοσόυην.
1316 2529 1333 2596 ό
1354 2537 1381 2598 δ’
1396 2534 1467 2600 οὐδ’
1486 2527 1592 2617 ἄκροις

491 2639 641 2720 ἠνέσχετο
662 2640 816 2716 δέξασθαι
837 2637 1012 2718 soterinis,
1036 2634 1117 2702 α’λλοὶ
1139 2639 1345 2720 τραχυτέροις
1367 2659 1399 2702 τε
1423 2631 1592 2702 α’πειόσατο

491 2739 607 2821 λόχοις,
626 2742 681 2804 κατ’
701 2732 768 2816 όμα
789 2742 823 2812 ές
851 2736 908 2821 την
932 2738 1104 2822 όστεραιάν
1135 2740 1192 2802 τοῦ
1214 2735 1448 2820 πατριαρχεόσυ
1470 2738 1627 2816 ἐξίστα-ρο
1664 2789 1665 2818 ,

491 2863 566 2904 ται·
607 2839 661 2904 κατ’
684 2837 781 2916 αότός
802 2841 862 2919 μέν
889 2841 924 2904 έν
958 2842 997 2926 τῇ
1027 2843 1083 2904 roci
1105 2841 1299 2904 Ἀθανασόσυ
1327 2837 1486 2904 καταλόει
1507 2841 1595 2925 μονῇ,
1664 2827 1665 2838 ¹

352 2947 440 3006 troi
453 2937 530 3008 τιό
552 2942 587 3006 δέ
606 2940 789 3027 σκευοφόρα
810 2945 843 3016 ές
866 2941 925 3022 την
948 2943 1006 3004 rori
1025 2941 1118 3022 όγιόυ
1142 2937 1320 3020 Μόμαντσς
1344 2942 1595 3026 α’πτφορτιζσνττ

489 3041 600 3126 μονήν,
621 3037 660 3126 ἢν
678 3041 739 3126 πρό
756 3040 913 3126 τεττόρσον
936 3042 1091 3106 ένιαυταῖν
1112 3044 1340 3129 σφετερίζεται.
1361 3038 1494 3125 βραχός
1516 3041 1596 3106 έκεῖ-

491 3146 550 3208 osv
571 3142 670 3231 έρρόη
690 3139 827 3228 χρόνος,
849 3143 905 3208 κατ’
916 3146 1092 3218 Masiniss
1116 3143 1132 3206 ό
1153 3143 1210 3207 rosi
1231 3145 1507 3228 Καντοκοοζηνοῦ
1530 3136 1595 3216 υἱός

492 3437 576 3492 leatus
596 3435 647 3490 illa
665 3437 749 3490 fuisse
766 3438 871 3491 iurent
889 3437 970 3492 facile
981 3437 1138 3506 Byzantium
1156 3435 1280 3489 introiret
1294 3435 1361 3490 clam
1375 3439 1501 3508 acceptis
1521 3437 1598 3492 hrosi

492 3511 526 3564 oe
544 3525 632 3562 rerum
653 3511 806 3562 conditione
825 3513 935 3564 nuntiis.
961 3511 1038 3563 lrene
1058 3517 1144 3561 antem
1163 3511 1256 3578 regina
1276 3526 1354 3579 quum
1374 3511 1466 3564 subito
1485 3527 1518 3564 se
1537 3527 1597 3563 crs.

492 3582 578 3635 sisset
597 3589 624 3633 et
640 3583 728 3634 animo
752 3583 857 3635 acriore
876 3599 952 3652 quam
972 3597 1024 3652 quo
1042 3581 1170 3634 mulieres
1189 3581 1287 3646 solent,
1307 3597 1395 3634 rerum
1417 3583 1599 3652 gerendarum

494 3652 635 3706 consilium
655 3646 788 3722 cepisset,
806 3654 917 3707 lubricis
937 3655 1035 3724 ubique
1054 3655 1106 3706 uiis
1134 3668 1210 3722 quam
1231 3653 1372 3706 celerrime
1390 3656 1507 3708 munitis
1526 3663 1553 3706 et
1573 3656 1598 3706 in

493 3724 654 3794 periculosis
681 3725 805 3792 Byzantii
838 3725 1047 3797 propugnaculis
1077 3725 1211 3792 copiarum
1250 3725 1419 3778 multitudine
1453 3726 1597 3790 collocata,

492 3796 578 3850 tribus
599 3803 661 3864 post
679 3797 772 3850 (liebus
804 3815 862 3850 cour
888 3800 995 3850 iniectis
1023 3797 1102 3850 rebus
1125 3796 1199 3848 abire
1228 3799 1327 3865 coegit.
1371 3797 1466 3850 decem
1496 3799 1599 3852 interea

493 3867 684 3937 praeterlapsis
706 3869 800 3922 diebus
813 3871 1016 3925 cantacusenus
1032 3869 1171 3922 (irestiado
1189 3869 1284 3921 relicta
1303 3869 1465 3936 Byzantium
1487 3869 1524 3922 ob
1544 3885 1598 3922 eam

494 3955 599 3993 eausam
617 3941 715 3992 itinere
737 3943 883 3994 contendit.
922 3949 949 3993 et
970 3956 1048 4010 quum
1068 3942 1094 3992 in
1114 3941 1268 4008 suspicions
1288 3940 1466 4008 patriarcham
1488 3941 1600 3996 liaberet

494 4027 553 4064 curn
571 4011 605 4064 ob
623 4013 691 4064 slias
713 4029 805 4065 causas
824 4021 877 4066 tum
896 4014 1061 4082 potissimum
1082 4011 1116 4064 ub
1136 4013 1277 4064 amicitiam
1297 4029 1348 4082 qna
1366 4016 1557 4081 propenderet
1573 4015 1598 4066 in

493 4083 695 4154 Palaeolopuur,
714 4085 918 4152 prudentissimo
940 4085 990 4136 sibi
1011 4085 1084 4136 visus
1106 4091 1147 4135 est
1166 4081 1329 4152 experiendo
1356 4101 1415 4137 esso
1437 4087 1501 4140 eius
1522 4088 1550 4138 in
1571 4101 1598 4136 se

493 4156 659 4208 voluntatem
678 4155 875 4208 intellecturus.
912 4157 984 4208 misit
1001 4157 1084 4226 igitur
1102 4157 1147 4224 qui
1175 4171 1209 4208 ex
1228 4171 1260 4207 eo
1279 4165 1442 4225 quaererent
1460 4173 1529 4210 num
1549 4158 1600 4211 nri-¹

493 4227 571 4280 litum
591 4235 618 4280 et
636 4236 786 4280 senatorum
806 4229 908 4280 viribus
928 4229 1025 4280 cadens
1045 4227 1233 4295 persuaderet,
1260 4237 1288 4280 ut
1309 4229 1459 4283 llatthaens
1480 4247 1532 4283 rex
1551 4232 1599 4282 ‹lc-

494 4299 641 4352 clararetur
660 4308 688 4351 et
706 4299 870 4370 Palaeologo
889 4315 986 4352 socero
1005 4301 1199 4369 ignosceretur.
1237 4315 1305 4367 quae
1319 4299 1368 4352 ille
1388 4315 1472 4369 quum
1485 4301 1599 4354 molesto

493 4371 565 4424 ieme
585 4371 722 4424 vitiaretur
747 4379 775 4422 et
802 4373 956 4440 asperrimis
984 4373 1075 4424 veritis
1103 4373 1245 4436 reiiceret,
1270 4388 1304 4424 ex
1328 4371 1515 4440 patriarchica
1537 4373 1600 4426 sede

493 4443 596 4495 eiectos
614 4450 656 4494 est
674 4443 813 4511 postridie.
849 4445 909 4511 ipse
930 4443 1000 4510 apud
1014 4443 1186 4496 Athanasium
1205 4444 1333 4507 divertit,
1361 4443 1493 4512 supellex
1512 4453 1600 4497 antem

492 4513 520 4564 iu
539 4511 577 4564 St.
599 4516 737 4568 llamantis
750 4516 912 4567 mansionem
933 4523 1110 4583 transportata
1128 4523 1178 4580 est,
1200 4531 1276 4584 quam
1295 4523 1357 4567 ants
1376 4523 1498 4585 quatuor
1517 4527 1600 4570 annos

490 4583 544 4644 sibi
561 4593 672 4640 emerat
707 4587 785 4643 imeri
805 4587 868 4640 inde
885 4595 1007 4656 temporo
1026 4587 1227 4656 praeterlapsis,
1246 4587 1393 4642 llattlrasos
1410 4586 1602 4646 &numeni
