3675 5592
448 765 456 778 x
490 653 565 734 304
797 661 1023 736 NICEPHORI
1055 657 1283 732 oaaoouiu

490 823 633 903 οἶτελαός.
673 832 704 895 εἰ
725 826 785 912 γὰρ
812 828 956 913 αλλήλων
979 822 1101 914 ἄλληλα
1124 829 1297 912 διαφέρει,
1320 825 1481 908 έοτέρητοι
1501 825 1573 890 τόν·

356 936 376 991 i.
393 937 551 1005 143τ.τιος
573 929 717 1014 ἆλλὴλοον
749 922 871 1016 ἄλληλα
901 932 974 994 καθ’
1005 925 1023 992 ό
1056 931 1222 1014 διαφέρει,
1253 927 1307 992 κατ’
1340 928 1457 1008 γίνεται
1485 926 1574 991 dosu-
1667 983 1668 1002 ,

490 1058 543 1114 μις
576 1035 635 1114 μὲν
653 1023 778 1118 οἷσοφος
799 1028 898 1117 σοφία
928 1033 958 1095 δ’
980 1029 1159 1114 α’έόυαμος,
1194 1029 1249 1094 καί
1277 1027 1351 1103 θεός
1385 1019 1502 1113 ἄσοφος
1527 1025 1575 1092 καί
1667 1075 1668 1092 ι

491 1131 666 1216 α’δόυαμος,
694 1135 748 1197 καί
771 1131 822 1196 αέί
841 1130 921 1198 κατὰ
943 1129 996 1198 τόν
1016 1125 1124 1211 ὅμοιον
1153 1127 1269 1214 τρόπον
1292 1126 1483 1215 ἐστερημέναι
1503 1125 1574 1192 aiv·
1667 1123 1668 1128 ¹

424 1250 477 1303 51
492 1259 555 1299 τιον
578 1230 705 1298 ἅπαντα
730 1238 786 1298 καί
807 1232 943 1314 δεόμενοι
967 1233 1112 1316 οἷλλὴλοιν
1135 1221 1267 1315 ἄλληλα.
1313 1233 1394 1317 φησί
1411 1231 1470 1314 γόρ
1492 1227 1542 1294 τοί
1559 1225 1593 1312 ὃς

489 1332 638 1415 θεολόγος
647 1335 678 1398 Γ
676 1331 823 1417 ρηγόριος
842 1333 913 1409 “τι’ς
934 1334 1068 1410 ἀτελοῦς
1090 1335 1237 1417 θεότητος
1252 1325 1387 1416 ὄνησιςς
1409 1336 1524 1412 μᾶλλον
1543 1332 1573 1394 di

489 1441 535 1511 τίς
553 1435 668 1521 θεότης
691 1431 774 1518 ἡμὴ
795 1438 921 1516 τελείας
946 1439 1049 1501 τελεία
1072 1436 1194 1509 δέπῶς
1217 1460 1235 1520 η
1258 1435 1358 1497 λείπει
1379 1457 1408 1498 τι
1431 1429 1508 1514 πρός
1529 1456 1575 1496 εε-

488 1538 631 1616 λείωσινς
656 1540 756 1600 λείπει
775 1538 811 1600 δέ
840 1537 966 1613 πάντας
989 1534 1034 1621 μὴ
1057 1532 1175 1624 spodon
1197 1533 1232 1598 τό
1254 1529 1354 1618 ἅγιον.
1409 1533 1477 1618 ἔχοι
1500 1535 1526 1598 δ’
1542 1527 1576 1598 όν
1667 1607 1668 1618 ,

492 1638 570 1714 πῶς,
590 1631 634 1722 μό
656 1640 746 1702 τοῦτο
769 1636 889 1721 ἔχουσα
897 1666 908 1721 ς
931 1641 962 1703 εἰ
975 1637 1035 1721 γὰρ
1059 1628 1139 1721 ἄλλη
1156 1661 1203 1712 τις
1225 1633 1311 1719 παρὰ
1323 1638 1429 1701 ’τοῦτο
1452 1635 1473 1717 ἦ
1496 1631 1576 1718 ἅγιό-
1667 1643 1668 1710 i

488 1762 555 1822 της,
579 1736 632 1802 καί
652 1736 742 1814 εἴτις
765 1736 847 1824 αὕτη
868 1749 999 1818 νοεῖται,
1022 1743 1146 1821 λεγέτω,
1169 1737 1241 1814 τι’ς”.
1285 1741 1342 1802 καί
1355 1736 1371 1802 ό
1394 1741 1495 1822 μέγας
1517 1740 1611 1810 Bes-10
1667 1737 1668 1774 ³

488 1844 605 1915 οιλειος
626 1837 681 1904 “si
705 1837 803 1924 φόσις
832 1835 943 1929 αότῷ”
977 1839 1075 1926 φησίν
1102 1835 1141 1902 “d
1165 1836 1322 1922 όγιασμός
1351 1834 1578 1922 siquominus*
1667 1825 1668 1852 ¹

488 1937 559 2028 υἱῷ,
583 1943 650 2014 πῶς
674 1944 781 2024 τρίτης
811 1942 881 2005 έοτί
911 1945 967 2006 κατ’
998 1942 1168 2023 α’λλοτρίας
1209 1937 1376 2026 <priosumn
1409 1943 1464 2003 κατ’
1493 1939 1577 2003 πόλιν

484 2040 650 2124 “draiton''
677 2041 760 2127 φησί
785 2039 840 2106 “sd
866 2046 992 2123 πνεῦμα
1017 2039 1060 2116 uic
1079 2040 1233 2125 α’γοιθόςό
1258 2037 1360 2126 πατὴρ
1389 2045 1446 2106 καί
1467 2036 1578 2124 ἀγαθός

490 2139 563 2206 iix
581 2145 639 2210 ταῦ
672 2141 800 2225 drudoni
831 2147 1015 2226 γεννηθείς,
1046 2143 1158 2207 ου’σιάν
1180 2141 1263 2227 ἔχων
1289 2141 1346 2227 τὴν
1368 2139 1580 2226 dyo-iduato?

426 2243 565 2332 nippic
589 2245 656 2318 πῶς
679 2239 740 2324 οόχ
761 2245 869 2328 ἕτερον
904 2245 959 2329 τῆς
983 2242 1086 2328 ἁπλῆς
1119 2246 1174 2308 καί
1196 2249 1286 2320 θείας
1306 2243 1432 2318 ,ουἀίας
1463 2240 1615 2326 όγιότηςις

490 2347 545 2412 καί
564 2344 726 2428 α’γιιθότης
761 2348 816 2437 καί
848 2337 991 2428 ἐνέργεια
1024 2344 1145 2422 sulse
1168 2349 1322 2427 τοιαῦτα,
1353 2341 1434 2409 diti
1459 2338 1580 2409 ταότόν.

453 2503 460 2514 .
489 2443 566 2512 ἑλοῦ
586 2447 703 2530 τοίνυν,
725 2439 753 2510 od
774 2445 1035 2532 aersd‘dsoio'ys,
1058 2450 1121 2512 reia
1153 2447 1307 2529 αόεβειοῑυ
1338 2445 1494 2531 ὁποτέραν
1516 2445 1583 2508 itt-

489 2557 564 2624 λεις.
607 2549 721 2624 α’θεΐας
739 2547 800 2633 γόρ
823 2546 879 2612 καί
898 2549 1073 2624 πολυθείας
1104 2547 1142 2614 τό
1170 2552 1285 2614 sororio
1311 2553 1402 2636 φέρει
1434 2571 1486 2613 σοι
1514 2571 1584 2629 αρη-

491 2647 579 2733 μνόν,
603 2645 657 2713 ὑπ’
679 2649 826 2733 οἶλλὴλοου
841 2649 1030 2733 ἐλεγχόμενα
1049 2653 1103 2714 καί
1124 2651 1189 2715 κατ’
1209 2652 1352 2736 ἀλλήλων
1367 2647 1583 2727 στασιάζοντα.

493 2751 526 2817 τό
549 2747 686 2836 μὲνγὰρ
713 2747 821 2816 ἄνισον
850 2749 885 2815 έν
916 2758 983 2827 τοῖς
1005 2757 1129 2827 πολλοῖς
1152 2753 1274 2835 ἐλέγχει
1301 2749 1336 2816 τό
1357 2751 1517 2837 διόφορον
1537 2749 1618 2832 saiw

493 2847 678 2934 όαόμβατου
697 2854 754 2935 τῆς
776 2851 969 2928 πολυθεΐας·
990 2850 1010 2934 ἡ
1033 2853 1068 2916 δέ
1090 2855 1246 2918 noio-‘isin
1277 2852 1414 2938 συμφυᾶ
1438 2847 1497 2934 τήν
1518 2851 1585 2914 ιλια-

493 3163 654 3234 proveniant
671 3177 782 3216 numero
804 3160 886 3228 ducii,
906 3162 971 3216 deus
987 3163 1122 3217 increatus
1147 3169 1174 3218 ct
1192 3162 1309 3218 risibilis
1335 3162 1483 3216 secuudum
1501 3167 1542 3225 tc,
1560 3161 1583 3208 et

492 3237 625 3306 quomodo
652 3235 728 3287 multi
747 3235 791 3286 dei
811 3234 855 3300 isi,
881 3237 927 3303 qui
952 3237 1152 3290 consociatione
1176 3237 1212 3290 ita
1231 3235 1377 3304 procedant
1394 3247 1504 3302 semper
1522 3246 1584 3284 cou-

493 3316 566 3362 stent
585 3323 644 3360 cum
663 3306 831 3374 imperfecto,
852 3307 950 3358 etenim
970 3309 992 3360 si
1012 3309 1099 3360 omnia
1118 3310 1188 3361 iuter
1213 3324 1243 3362 se
1261 3307 1395 3373 differunt,
1415 3307 1511 3360 orbata
1528 3307 1583 3355 roni

493 3397 523 3432 se
545 3377 711 3432 iuuicerniiia
736 3381 806 3447 quod
832 3379 865 3430 ud
882 3379 1059 3431 differentiam
1080 3381 1190 3445 attinet,
1222 3388 1248 3432 et
1276 3381 1365 3432 evadit
1387 3381 1431 3432 vis
1452 3377 1584 3444 insipieus,

494 3452 625 3519 snpientia
644 3451 746 3503 infirma
771 3459 798 3501 et
825 3451 889 3502 deus
908 3452 1040 3518 insipiens
1068 3460 1094 3502 et
1118 3453 1251 3516 infirmus,
1273 3461 1299 3503 et
1317 3466 1424 3518 semper
1444 3447 1525 3502 simiii
1543 3461 1583 3496 rs-

493 3527 565 3575 tione
584 3523 649 3574 orba
675 3521 796 3574 omnibus
816 3523 922 3587 omnia,
943 3531 969 3574 et
994 3525 1113 3576 carentia
1139 3540 1171 3576 so
1189 3525 1313 3576 invicem.
1356 3525 1394 3574 ait
1421 3523 1492 3575 enirn
1511 3519 1583 3569 etiam

493 3597 638 3662 Gregorius
659 3594 818 3662 theologus:
840 3610 908 3662 quae
927 3595 1074 3649 divinitatis
1093 3595 1265 3662 imperfectae
1289 3594 1399 3658 utilitas,
1420 3595 1484 3648 sive
1502 3589 1584 3658 potiti

492 3681 562 3735 quae
595 3666 794 3728 estdiviuitas,
819 3681 888 3734 quae
911 3667 1019 3718 nonsit
1037 3667 1173 3734 perfecta,
1199 3668 1318 3734 perfecta
1348 3674 1437 3718 autem
1457 3659 1582 3733 quomodo

493 3754 553 3790 esse
571 3745 670 3804 potest,
689 3739 732 3788 cui
751 3737 820 3788 desit
843 3739 952 3806 aliquid⁴
968 3740 1000 3790 ad
1019 3737 1233 3805 perfectionem?
1278 3739 1354 3789 deest
1373 3745 1464 3790 autem
1484 3732 1582 3785 omuino

491 3825 545 3862 uon
565 3809 673 3862 babenti
691 3818 820 3872 sanctum,
839 3809 971 3877 quomodo
991 3817 1078 3862 autem
1097 3809 1209 3875 habeat,
1227 3811 1250 3862 si
1269 3810 1320 3862 hoo
1339 3825 1394 3862 non
1414 3804 1518 3860 habet?
1546 3809 1585 3854 et·

493 3882 563 3934 cuim
581 3883 605 3934 si
622 3879 676 3932 alia
700 3890 779 3950 atque
798 3881 850 3932 hoc
869 3890 910 3934 est
930 3884 1069 3946 sanctitas,
1098 3898 1131 3933 uc
1157 3884 1180 3934 si
1199 3897 1250 3951 qua
1271 3897 1302 3934 ea
1322 3883 1478 3950 cogitatur,
1498 3875 1583 3934 dicim

493 3968 571 4021 quoe.
609 3961 635 4004 et
660 3967 770 4022 magnus
789 3951 920 4017 Basilius,
944 3955 967 4004 si
996 3955 1171 4008 sanctificatio
1192 3957 1232 4018 ei,
1257 3955 1363 4022 inquit,
1388 3961 1430 4004 est
1449 3949 1585 4002 natunui

492 4025 560 4093 petri
581 4033 607 4076 et
625 4023 692 4089 iiio,
711 4024 843 4092 quomodo
861 4026 957 4076 tertiae
978 4032 1063 4076 estet
1081 4025 1187 4077 aiienae
1206 4021 1338 4077 natuiae‘i
1366 4033 1392 4076 et
1412 4036 1521 4083 rursus,
1538 4017 1584 4068 bo·

490 4113 541 4153 nus
561 4106 610 4162 est,
631 4097 726 4164 iuquit,
746 4097 855 4162 spiritus
875 4105 903 4147 ut
922 4095 1006 4148 bonus
1026 4105 1101 4164 pater
1127 4105 1153 4149 et
1171 4097 1256 4150 bouus
1281 4099 1304 4150 is
1324 4096 1369 4165 qui
1392 4111 1426 4146 cx
1446 4093 1518 4145 bono
1538 4102 1585 4156 pe·

491 4178 600 4222 nerotus
621 4176 678 4230 est,
699 4171 840 4220 essentiam
860 4168 960 4220 habens
980 4167 1134 4220 bonitatem.
1172 4169 1247 4220 vides
1263 4183 1316 4220 non
1336 4169 1472 4220 diversam
1491 4178 1507 4215 τι
1525 4163 1585 4214 sim·

492 4240 557 4308 piici
588 4248 614 4292 et
632 4239 723 4291 divina
741 4241 858 4290 essentia
884 4255 943 4291 esse
962 4241 1128 4292 sanctitatem
1157 4248 1185 4292 et
1203 4241 1344 4294 bonitatem
1370 4246 1396 4290 et
1416 4233 1584 4290 efficientiam

494 4322 521 4364 et
539 4311 612 4375 talia,
631 4311 679 4364 sed
699 4311 818 4362 eundem.
856 4311 929 4378 elige
949 4312 1031 4382 igitur
1052 4320 1158 4378 utrum,
1177 4327 1193 4364 ο
1213 4312 1341 4380 theologe
1360 4323 1444 4374 nove,
1465 4305 1584 4373 imptere-

442 4399 449 4406 ·
493 4392 545 4436 tem
565 4383 661 4448 meiis;
680 4383 745 4434 taiia
765 4384 849 4447 euim,
876 4398 925 4449 per
943 4399 973 4434 se
993 4385 1108 4436 invicem
1134 4386 1237 4436 detecte
1258 4391 1284 4435 et
1312 4391 1404 4435 contra
1423 4369 1464 4432 τί
1475 4378 1585 4430 inuicem

492 4456 639 4524 pugnantia
665 4453 712 4507 tibi
738 4455 852 4508 atterunt
879 4455 1031 4510 barathrum
1056 4458 1187 4525 dogmatis
1213 4455 1313 4508 uuilius
1337 4454 1381 4508 dei
1400 4461 1429 4504 et
1448 4449 1584 4502 multorum

493 4528 611 4578 deorum.
649 4526 778 4581 dissimile
798 4529 869 4578 euim
887 4528 914 4578 iu
935 4527 1056 4595 piurimis
1082 4529 1184 4598 detegit
1207 4529 1388 4582 diversitatem
1407 4531 1437 4578 et
1459 4517 1585 4575 dissocir-
1667 4569 1668 4574 ,

493 4599 593 4654 tionem
610 4599 763 4666 multorum,
782 4601 878 4670 dogma
895 4608 984 4654 autem
1002 4601 1143 4658 multorum
1161 4601 1270 4655 deorum
1290 4615 1349 4652 cum
1367 4602 1521 4675 concrepans
1539 4590 1585 4642 ht·
