3675 5592
359 671 579 742 amomis
604 669 862 740 ιιιιιιιτιιιιτ
883 587 1208 743 xxccttssts.
1265 661 1337 742 tas

246 834 358 912 θέλων,
380 837 486 920 φησίν,
508 862 525 900 ο
516 832 622 910 εθεός
649 831 825 929 μετέχεται,
849 833 937 921 οότιό
957 835 1043 920 μόνοι
1077 829 1292 902 όεόκνοσιν
1260 859 1342 901 stans

248 933 439 1019 καταληπτόν
455 938 503 1021 τρῖ
524 938 602 1022 θεῷ,
623 937 741 1038 τοῑςό’
766 931 874 1010 ἄλλοις
895 937 994 999 πᾶσιν
1010 933 1230 1055 ιῖνὲιιφρινιον·
1264 935 1281 1000 ό
1306 939 1341 1002 δὲ

247 1039 409 1117 Παλαμιῐς
431 1036 624 1122 φαινομένην
645 1039 754 1100 τοῦτον
774 1037 917 1098 καλῶν
903 1035 1072 1120 ενέργειαν,
1094 1035 1149 1120 τὴν
1170 1039 1225 1101 τοῦ
1249 1035 1340 1122 ἇγιόυ

245 1137 429 1222 διαστρέφει
469 1137 631 1215 διάνοιαν,
659 1137 892 1261 κμιιομηχόνως
922 1135 1137 1220 μετοχετεόων
1170 1140 1215 1214 εις
1245 1135 1268 1201 ιλ
1296 1167 1342 1224 μη

223 1239 300 1308 ιδεῖ.
346 1241 448 1304 ἐκεῖνο
479 1241 514 1304 δὲ
545 1243 613 1315 πῶς
651 1239 705 1302 οὗκ
741 1239 890 1315 οἷναιόές,
929 1241 984 1324 τιό·
1006 1241 1065 1320 μὲν
1094 1237 1219 1326 Ἕλληνι
1245 1240 1340 1323 Πρό-
1352 1255 1407 1308 u

244 1343 312 1423 ιλιι,
333 1364 388 1404 ναι
413 1342 512 1404 πάνθ’
539 1339 682 1425 όμοόόξιο
706 1339 895 1416 Πλάτωνος,
928 1337 1093 1420 όμοόοξειν
1119 1341 1178 1422 μὲν
1206 1339 1262 1404 καί
1282 1340 1340 1404 α’λ-

244 1443 325 1525 λοχῇ
355 1444 521 1526 πολλαχῇ,
540 1440 628 1528 καθὰ
650 1466 703 1504 και
724 1441 875 1525 πρόσθεν
906 1436 983 1523 ἡμῖν
1007 1463 1085 1502 unsa
1114 1443 1176 1504 τῶν
1198 1441 1340 1524 πρόσθεν

244 1539 334 1603 αὐτοῦ
353 1545 598 1625 βλασφημιῶν
584 1565 617 1606 εν
634 1550 704 1617 ταῖς
718 1541 887 1626 προτέραις
905 1537 996 1622 ἡμῶν
1015 1527 1238 1666 όντιρρὴσεσιν
1258 1542 1339 1605 οἰπο

243 1639 450 1717 όέόειντιιι,”
430 1663 538 1704 suasca
565 1643 648 1725 μηδὲ
673 1643 729 1705 νῖν
757 1643 809 1705 ἐπι
804 1641 927 1724 τῆσδε
948 1642 1004 1724 τῆς
1032 1641 1152 1705 ἐκεινου
1175 1643 1340 1720 νοινωνιας

207 1741 431 1824 ιοέκλελῆσθιιι
452 1743 608 1821 ἐνταῦθας
630 1743 714 1826 λέγει
732 1743 794 1826 γάρ
817 1765 879 1805 που
902 1749 971 1815 ταῖς
994 1739 1090 1803 αι’τοῦ
1112 1742 1167 1806 καί
1188 1742 1339 1827 Πρόκλος

240 1844 436 1926 θεολογικαῖς
468 1844 700 1928 έμφιλοσοφῶν
730 1841 950 1919 ἀποδείξεσιν,
983 1838 1032 1906 ότι
1064 1845 1128 1906 πᾶν
1148 1841 1183 1906 τό
1206 1843 1339 1925 μετέχον

238 1944 290 2003 τοῦ
310 1940 529 2024 μετεχομένου
551 1941 798 2026 καταδεέστερον
818 1940 873 2005 καί
892 1941 928 2005 τό
949 1940 1160 2024 μετεχόμενον
1178 1945 1236 2006 τοῦ
1259 1943 1336 2024 όμε-

240 2039 366 2106 θέκτοο·
424 2040 460 2106 τό
488 2041 551 2127 γὰρ
582 2044 716 2126 μετέχον
740 2042 802 2129 πρό
823 2027 879 2126 τῆς
905 2041 1068 2125 μεθέξεως
1090 2043 1195 2120 ἀτελὲς
1217 2040 1261 2122 όν,
1284 2045 1335 2109 τέ-

239 2145 315 2204 λειὀν
337 2143 375 2207 δὲ
396 2145 439 2227 τῇ
459 2141 588 2225 μεθέξει
610 2143 781 2227 γινόμενον,
805 2142 1031 2225 όεότερόνὲστι
1053 2141 1177 2220 πάντως
1198 2147 1255 2208 τοῦ
1275 2167 1333 2226 με-

210 2243 426 2323 ιιιεχομένου,
458 2239 541 2304 καθὸ
572 2243 692 2307 τέλειόν
712 2245 779 2307 ἐστι
806 2242 981 2326 μετασχόν·
1032 2239 1051 2308 ’ό
1074 2243 1135 2328 γὰρ
1158 2243 1265 2318 ἀτελὲς
1285 2237 1334 2326 ἦν,

238 2341 311 2405 ιοτό
331 2344 428 2407 τοῦτο
458 2344 516 2405 τοῦ
534 2343 800 2424 μετασχεθέντος,
834 2341 853 2406 ό
880 2349 969 2407 ποιεῖ
986 2341 1104 2407 τέλειον
1127 2343 1212 2420 αὐτό,
1234 2349 1332 2408 caio-

240 2433 408 2527 όεέοτερον.
450 2439 485 2506 τό
510 2443 545 2506 δὲ
568 2444 796 2563 μετεχόμινον,
819 2441 902 2518 τινός
925 2438 961 2508 όν
986 2468 1038 2507 aas
1062 2442 1099 2505 οό
1122 2443 1334 2521 πόντων,τοῦ

237 2542 356 2606 πόντων
379 2539 470 2619 όντος
490 2568 542 2607 και
568 2543 604 2606 οό
627 2543 710 2619 τινός
708 2542 869 2608 πόλιν(
850 2543 1023 2668 οιγειμένην
1045 2543 1159 2624 ὲλιιχεν
1179 2542 1331 2630 ὕπαρξιν·

235 2637 266 2704 τό
282 2643 341 2724 μὲν
359 2669 424 2729 γιιρ
443 2647 490 2730 τιό
511 2644 636 2710 πάντων
651 2645 741 2730 occup
756 2646 1008 2732 συγγενέστερον,
1029 2645 1064 2711 τό
1087 2637 1163 2710 δὲ
1144 2669 1234 2730 ηπον
1256 2669 1334 2730 συγ-

203 2743 325 2823 γργενὲς.
389 2741 515 2830 ἡγεῖται
545 2742 609 2830 ἄρα
639 2745 673 2810 τό
708 2747 767 2828 μὲν
800 2746 974 2830 ι’μέθεκτον
1009 2749 1071 2812 τῶν
1104 2743 1333 2830 μετεχομένων,

235 2865 327 2908 νοντα
351 2846 388 2910 δὲ
410 2848 474 2910 τῶν
493 2846 699 2929 μετεχόντων.

324 2941 423 3034 Ὁρᾷς
445 2948 513 3021 πῶς
531 2971 584 3010 και
610 2947 760 3032 Πρόκλος
783 2943 944 3022 ἐκεῖνοςι
927 2973 943 3011 ο
965 2954 1032 3023 τοῖς
1064 2946 1208 3022 εἰδώλοις
1230 2963 1397 3032 προσ-ιε

236 3050 372 3127 νεόμενος
393 3054 481 3133 τρεῖς
496 3047 705 3134 παραδίδωσι
719 3049 832 3126 τάξεις,
852 3049 908 3113 καὶ
920 3050 962 3136 τῇ
982 3049 1041 3132 μὲν
1062 3047 1226 3135 πρότῃετό
1252 3046 1330 3130 ἀμό-

236 3297 284 3350 nao
302 3266 389 3336 tcm'
403 3296 434 3335 sa
457 3283 586 3351 cognosci
606 3282 680 3348 vait,
710 3283 736 3333 ci
754 3283 872 3336 ostendit
899 3297 960 3336 csso
972 3281 1196 3350 -compacbcusibi
1210 3297 1250 3334 esa
1269 3283 1330 3349 deo,

237 3356 330 3406 cctcsis
350 3354 476 3407 omnibns
498 3355 670 3422 incognitam.
712 3353 832 3406 Psiamas
856 3362 943 3406 antem
974 3354 1049 3406 ilium
1072 3369 1171 3406 uocaus
1213 3369 1331 3422 ppasca.

236 3431 283 3476 tem
303 3428 450 3490 virtutem,
474 3429 558 3478 sancti
583 3427 742 3478 seutentiam
762 3428 907 3492 pervertit,
928 3423 1021 3478 dolosa
1041 3441 1089 3490 ao,
1109 3429 1162 3494 quo
1181 3441 1235 3480 non
1256 3425 1330 3490 licat,

236 3498 413 3565 perducendo.
451 3513 541 3561 noane
559 3498 718 3563 impudentis
737 3506 788 3561 ast,
807 3513 866 3548 cnm
887 3497 989 3549 Gracco
1009 3496 1057 3548 iilo
1079 3497 1184 3562 Proclo,
1203 3498 1248 3565 qui
1271 3513 1331 3550 cum

236 3566 340 3620 Platone
358 3569 468 3621 omuino
488 3571 631 3652 consentit,
650 3576 677 3619 ct
694 3570 847 3620 consentire
859 3568 948 3620 multis
967 3568 1028 3620 aliis
1047 3569 1131 3632 locis,
1151 3577 1180 3620 ot
1197 3576 1276 3620 autca
1297 3569 1330 3621 ds

237 3639 289 3690 eins
315 3639 491 3706 blasphemiis
523 3642 614 3706 primis
643 3641 743 3692 nostris
768 3639 973 3692 refutationibus
1002 3605 1185 3724 ostendimus,
1214 3640 1275 3692 dein
1295 3655 1330 3690 us

234 3722 300 3760 nuuc
319 3713 426 3780 quidem
447 3711 522 3762 iilius
537 3712 749 3777 participationis
767 3709 914 3762 obliuisci?
950 3711 1015 3762 dicit
1035 3712 1104 3762 caim
1119 3709 1229 3762 Procius
1249 3709 1329 3762 thao-

235 3776 326 3847 iogicis
351 3798 417 3834 usus
444 3781 735 3864 argumentationibus.
763 3797 840 3833 omne
860 3781 930 3850 quod
956 3783 1132 3834 communicet
1149 3797 1208 3834 essa
1227 3782 1329 3847 impos.

236 3850 326 3904 tectius
354 3869 433 3922 quam
446 3854 523 3937 .q¹¹⁰.d
546 3854 774 3918 communicatus,
804 3861 832 3904 et
857 3853 884 3904 id
912 3854 982 3920 quod
1002 3853 1225 3916 communicatur,
1251 3867 1328 3920 quam

236 3925 300 3987 qood
319 3925 510 3976 communicari
528 3932 654 3991 nequeat
674 3923 744 3990 qood
763 3926 833 3975 enim
853 3925 1035 3976 communicet
1054 3924 1087 3975 ob
1107 3923 1327 3976 communicatio-

234 4005 291 4044 ucm
326 3999 511 4063 imperfectum
543 3995 690 4061 perfectum
726 4004 812 4046 aotam
843 4010 892 4062 per
922 3995 1188 4048 communicationem
1220 3995 1326 4058 iactum,

235 4069 338 4120 omuino
359 4069 553 4118 communicato
573 4065 717 4117 sccominm
737 4075 793 4131 ost,
810 4074 941 4134 qnatenus
968 4067 1163 4118 communicans
1178 4065 1327 4133 portantum

235 4139 359 4206 estquod
381 4141 451 4190 enim
472 4137 656 4205 imperfectum
684 4137 750 4202 tuit,
774 4137 806 4188 ad
827 4137 894 4189 iliud
913 4138 1130 4188 communicatum
1150 4137 1220 4205 quod
1239 4137 1325 4202 ipsum

234 4209 379 4269 perfectum
398 4210 499 4272 reddit,
522 4208 707 4274 imperfectum
725 4216 774 4260 cst.
795 4209 865 4275 quod
880 4209 1087 4260 communicatur
1107 4223 1165 4262 enm
1188 4207 1278 4275 aliquo
1299 4215 1327 4260 et

233 4290 283 4329 uon
302 4297 360 4332 cous
381 4282 512 4343 omnibus,
532 4281 590 4330 cius
611 4277 681 4347 quod
701 4281 854 4330 uuiversum
867 4288 908 4331 est
927 4288 954 4330 ct
974 4294 1027 4330 nou
1047 4279 1159 4330 alicuius
1181 4280 1326 4332 subiectam

235 4361 390 4404 consecutus
408 4361 449 4402 cat
470 4351 620 4403 essentiam.
666 4348 717 4402 boc
744 4351 814 4402 euim
843 4351 963 4402 universi
983 4357 1090 4400 causato
1120 4353 1203 4418 magis
1223 4365 1326 4416 cogua-

233 4423 295 4500 tom,
313 4423 380 4474 iilud
399 4424 485 4474 minus
503 4430 654 4487 cognatum.
697 4429 814 4489 praestat
832 4423 914 4489 igitur
941 4421 1190 4474 incommunicabile
1205 4437 1325 4474 σοιιιιιιιι-

232 4490 333 4558 picatis,
354 4495 547 4546 communicatu
566 4501 654 4544 autcua
672 4494 939 4545 communicantibus.

327 4582 462 4650 Vitcsuo,
499 4584 631 4652 quomodo
659 4583 770 4638 Procius
796 4585 846 4638 iiis
875 4583 956 4638 idolis
987 4584 1106 4638 addictus
1139 4591 1194 4638 tres
1221 4599 1324 4656 propo.

318 4683 480 4756 tttcsptm
492 4683 602 4754 θεοισν.
629 4683 751 4740 Υολλλλ.
998 4755 1003 4760 Ι
1103 4683 1136 4739 θλ
