3675 5592
352 628 574 703 σισιοοιοσ
600 626 859 703 susurretur
886 632 985 699 xxv.
1002 612 1073 701 st.
1100 612 1170 697 38.
1277 624 1326 700 σε

236 798 399 878 scoticos
414 795 573 863 ’ἀπόθεσιν
607 796 661 862 διό
681 799 727 863 σί.
780 800 835 862 καί
865 798 1037 884 φοβεῖσθαι
1066 800 1126 879 μὲν
1150 792 1204 857 διό
1227 780 1328 860 ταότα

235 900 285 960 καί
302 894 417 963 στάσιν
439 896 695 983 δημοτικήνσοί
712 902 773 981 μὲν
787 898 914 983 οάδαμῇ
930 894 1161 980 προσήκουσαν,
1184 896 1225 959 ου’
1243 898 1328 978 μόλ-
1378 954 1381 958 .

237 990 284 1062 λόν
303 1022 338 1082 χε
361 991 478 1082 ἢτοός
509 993 652 1076 λιθίνους
672 1023 705 1065 τε
731 998 787 1065 καί
812 1001 952 1083 χαλκοῦς
983 997 1172 1080 ἀνδριάντας
1202 994 1327 1063 οἴκοθεν

239 1103 413 1183 κεκινῆσθαι
448 1098 528 1184 πρός
554 1098 637 1165 όπλα
667 1104 723 1166 καί
750 1098 859 1185 μάχας
897 1098 978 1187 φαίη
1001 1121 1051 1175 τις
1082 1090 1139 1183 όν,
1168 1099 1260 1185 σφίσι
1291 1098 1328 1161 δὲ

223 1199 313 1278 suits
334 1200 501 1286 δῆνιουδεί
528 1202 751 1287 προσήκουσαν
773 1206 960 1289 φοβεῖσθαι.
1018 1193 1065 1275 οἷς
1084 1196 1145 1284 γάρ
1169 1196 1246 1285 ἔργα
1269 1212 1391 1265 siu-⁸0

243 1297 547 1386 sentinatoris,
578 1301 702 1381 τοότοις
730 1301 842 1390 δημισς
872 1307 992 1389 γίνεται
1028 1300 1084 1366 καί
1112 1300 1327 1389 ἀπαραίτητος

241 1400 382 1489 κολαστάς
403 1402 420 1468 ό
453 1408 510 1470 τοῦ
529 1404 709 1493 συνειδότος
733 1408 888 1483 πέλεκυς,
910 1400 1044 1488 ἒχχόθεν
1065 1398 1163 1479 όσττός
1184 1400 1240 1467 καί
1256 1427 1325 1487 μα-

240 1507 341 1583 οτιζιιν
375 1504 480 1588 συχνά
511 1502 568 1591 τη“ν
596 1502 708 1590 ψυχάν
736 1509 792 1573 καί
819 1504 939 1593 φόβους
971 1500 1112 1581 ἅπαντας
1139 1506 1181 1591 τῷ
1203 1528 1329 1591 φαντα-

238 1609 321 1695 στικῷ
342 1611 514 1690 προτιθοίς,
535 1607 578 1683 οός
603 1605 796 1673 ἀποπτεύειν
816 1611 870 1673 καί
890 1605 930 1673 τά
954 1607 1122 1672 ἀνύποπτα
1141 1610 1196 1671 καί
1210 1596 1247 1699 οιό
1262 1606 1328 1707 ,σάκ

206 1699 271 1788 ιθόν
290 1709 387 1793 φόβος
420 1708 644 1789 οδδει’ς,“καθα“
675 1707 752 1785 τοός
788 1707 937 1795 ἐρημίαις
965 1732 998 1773 τε
1029 1712 1084 1773 καί
1117 1704 1274 1795 φάραγξιν
1294 1709 1327 1772 ἐν

240 1808 364 1894 ἀφεχγεῖ
378 1832 410 1874 τε
431 1813 488 1875 καί
504 1812 623 1901 βοθείρ
644 1813 735 1875 νυκτί
752 1815 975 1893 πλανωμένους
996 1808 1131 1894 πάσχειν
1148 1806 1328 1892 συμβαίνοι·

241 1907 324 1987 βάτον
342 1910 404 1993 χάρ
425 1909 481 1976 καί
501 1916 619 1995 πέτραν
640 1910 696 1975 καί
722 1908 842 1998 φόλλον
866 1913 966 1996 δρυός
989 1900 1074 1999 αόρφ
1096 1913 1196 1996 λεπτῇ
1218 1907 1328 1974 κινοά-

244 2032 321 2085 μενον
345 2015 482 2098 ληστιόν·
499 2013 555 2077 καί
582 2016 705 2098 θηρίων
726 2012 863 2099 ἐφόδους
893 2016 1042 2096 ῆχοῦνται
1066 2010 1121 2075 καί
1149 2014 1326 2097 φρίττουσι,

248 2110 344 2188 δειλίας
366 2110 492 2199 ἀπάσης
515 2116 623 2207 αιάτοῖς
644 2110 892 2199 περικεχυμένης
921 2110 1143 2195 ἁπανταχόθεν
1172 2112 1325 2193 ψευδοῦς.

216 2208 297 2275 ιοείοί
310 2214 337 2276 δ’
357 2210 391 2276 ολ
409 2212 465 2277 καί
490 2218 578 2279 τοῦτ’
600 2210 682 2279 εἶναι
704 2211 881 2301 φάσκουσιν
905 2210 1006 2301 αἴτιον
1027 2212 1083 2277 τοῦ
1108 2209 1207 2295 γεμὴ
1228 2210 1326 2276 πλείω

244 2314 293 2375 τόν
309 2316 405 2398 τριοόν
433 2314 561 2381 ἐκείνων
595 2315 731 2398 θελῆσαι
761 2320 895 2399 ποιῆσαι
916 2316 1082 2397 συνέδρια
1109 2311 1214 2398 σφᾶς,
1249 2310 1327 2394 μηδ’

241 2410 367 2487 ε’ξιτάσει
389 2418 503 2482 δοόναε
526 2410 671 2504 κανονικῇ
691 2418 895 2501 τάχκληματα
917 2419 941 2456 ’ί
963 2410 1097 2497 τούτου,
1118 2413 1170 2479 ἵνα
1192 2410 1237 2496 μό
1259 2416 1354 2489 rodei.
1367 2426 1454 2484 tros.

239 2508 347 2579 ἀτασιν
385 2518 514 2604 όμφανῆ
547 2521 604 2583 καί
626 2523 812 2605 σαφέστερα
841 2512 1090 2603 καταστήσαντες
1123 2514 1201 2581 κατά
1231 2515 1325 2601 σφαῖν

237 2615 335 2681 αότοόν
356 2616 568 2703 ἀναστῆσωσι,
590 2620 646 2684 καί
664 2616 721 2696 σός
744 2617 940 2706 πεφόβηνται
973 2614 1095 2705 φόβους
1118 2620 1215 2703 πρίν,
1243 2612 1327 2680 πάν-

201 2722 293 2779 λθταν
313 2721 453 2804 φονοόσεν
473 2718 663 2806 αάτόχρημα
690 2724 746 2785 νόν
766 2720 961 2805 αάτουρχοί,
985 2723 1059 2783 καθ’
1088 2710 1213 2783 όαυτοόν
1235 2714 1328 2781 αότοί

235 2820 463 2902 καθιστάμενοι.
496 2817 545 2888 ἔτι
576 2824 612 2887 δὲ
642 2826 699 2887 καί
719 2826 778 2886 τοῦ
800 2821 843 2906 μη
874 2826 973 2889 πᾶσιν
994 2824 1041 2885 ἀπ’
1067 2818 1138 2904 ἴσης
1162 2823 1203 2885 δι’
1227 2810 1324 2901 ὄχλου
1427 2892 1431 2903 ¹

234 2924 374 3003 γενέσθαι
393 2930 458 3001 τοῖς
478 2925 654 3000 ἀντιθέτοις
675 2922 801 3001 adroic
815 2927 902 2989 τοότ’
914 2917 995 2990 εἶναι
1011 2920 1190 3010 φάσκουσιν
1209 2916 1324 3004 αἴτιον,

236 3018 285 3097 ἱνα
307 3021 344 3107 δη
364 3021 409 3107 μη
430 3026 629 3111 φωραθῶσιν
649 3020 793 3102 ἅπαντας
813 3030 995 3111 κεκτημένοι
1017 3021 1134 3109 σχεδόν
1154 3021 1324 3104 πολεμίους

237 3272 269 3329 lis
288 3281 415 3331 exoriatur
432 3276 541 3346 seditio,
560 3280 605 3349 qni
625 3279 730 3349 quidem
749 3287 834 3332 metus
853 3280 887 3333 ad
906 3288 934 3332 te
959 3278 1029 3333 haud
1061 3278 1144 3349 magis
1175 3276 1320 3347 pertinent,

238 3362 310 3415 quau
326 3352 347 3402 si
366 3352 425 3420 quis
443 3358 543 3404 statnru
562 3351 681 3418 lapideas
700 3359 728 3403 et
744 3367 842 3404 senens
862 3368 909 3404 sua
931 3360 1026 3420 sponte
1046 3352 1078 3404 ad
1097 3366 1168 3403 arma
1186 3358 1213 3403 et
1240 3365 1324 3419 proc.

238 3417 273 3470 iis
289 3424 385 3475 noreri
403 3424 522 3476 diceret:
540 3422 573 3475 ad
592 3423 658 3475 istos
677 3438 743 3475 vero
763 3438 888 3491 perquam
907 3422 976 3476 tales
1000 3432 1087 3475 metus
1113 3423 1258 3491 pertinent.
1289 3424 1324 3475 iis

240 3492 524 3565 enin,qui,ma1edcia
543 3496 716 3560 committunt,
737 3496 858 3547 carnifex
875 3496 980 3564 quidum
1005 3503 1032 3546 et
1056 3494 1230 3547 inexorabilis
1259 3494 1323 3547 uin.

240 3564 286 3614 dex
302 3566 373 3618 adest
390 3567 575 3631 conscientia,
595 3566 751 3634 querelati
770 3568 859 3619 securi
878 3568 980 3620 animus
1006 3564 1157 3635 flagellatur
1177 3574 1205 3618 et
1231 3580 1323 3619 omnes

222 3635 337 3689 .tinores
355 3638 565 3707 cogitationibus
586 3638 751 3703 iniicinntur,
769 3646 799 3690 nt
818 3639 997 3706 suspicentur,
1008 3632 1078 3707 quae
1091 3639 1150 3690 sine
1169 3640 1323 3706 suspicione

241 3714 293 3757 snut
307 3709 426 3778 nihilque
444 3709 613 3762 metuendum
641 3711 669 3761 in
693 3726 723 3762 se
749 3710 866 3776 habeut,
896 3710 987 3763 eadem
1006 3710 1110 3761 ratione
1135 3710 1244 3779 affecti,
1272 3724 1324 3781 qno

244 3776 382 3833 obeuntes
404 3783 432 3834 in
453 3781 568 3835 desertis
588 3780 754 3851 incitatque
774 3782 895 3845 faucibus
915 3798 996 3835 coeca
1017 3788 1043 3832 et
1060 3782 1209 3851 caliginosa
1226 3790 1323 3835 nocte:

243 3848 332 3904 dunum
350 3854 418 3907 enirn
437 3860 466 3906 et
483 3868 574 3907 saxum
592 3867 624 3905 ac
649 3852 742 3905 folium
760 3852 817 3906 levi
842 3869 907 3906 aura
931 3854 1056 3923 agitatum
1082 3868 1130 3922 pro
1160 3854 1323 3921 praedonum

243 3928 265 3970 ct
282 3922 389 3979 sertrorn
408 3927 533 3995 ingressu
551 3924 651 3977 habent
668 3934 748 3995 atque
767 3925 921 3990 cohorrent
941 3926 1044 3978 faisant
1055 3926 1127 3978 inani
1147 3926 1323 3993 undecunque

244 3992 401 4049 tirensssenti
419 3998 570 4051 timiditate.
590 4004 652 4049 snnt
670 4005 758 4049 autern
776 4006 927 4065 practerea,
947 4000 992 4066 qui
1013 3996 1112 4062 dicant,
1131 3997 1183 4049 hoc
1196 3999 1224 4050 in
1243 4009 1323 4049 causa

243 4078 301 4133 esse,
319 4083 364 4120 cnr
381 4069 459 4137 pluro
477 4083 554 4139 quam
579 4070 631 4121 tria
647 4070 699 4122 ista
717 4068 833 4121 concilia
858 4070 949 4122 iacere
975 4077 1002 4121 ct
1021 4070 1219 4121 criminationes
1244 4068 1322 4119 istius

244 4140 373 4192 canonicas
391 4141 573 4211 disquisitioni
592 4139 726 4194 subiicere
746 4139 843 4205 nolint,
861 4158 897 4194 ne
916 4140 1037 4193 omnibue
1061 4156 1105 4195 ess
1124 4142 1162 4193 ita
1179 4138 1322 4207 perspicue

244 4216 311 4278 etque
329 4210 425 4266 cincius
444 4211 681 4285 cognoscentibus,
703 4214 731 4265 in
750 4229 780 4265 se
799 4215 873 4281 ipsos
893 4228 985 4265 omncs
995 4214 1131 4265 concitent
1150 4220 1177 4263 et
1193 4226 1239 4275 ne,
1259 4210 1322 4278 qui.

244 4276 284 4331 bns
306 4284 440 4337 timoribus
464 4294 544 4338 antea
561 4286 651 4337 uexati
677 4292 752 4350 sunt,
781 4300 827 4336 eos
852 4300 949 4337 resero
972 4300 1044 4336 nunc
1065 4283 1186 4351 sibi-ipsi
1213 4280 1322 4346 fuciunt,

245 4348 338 4407 *liuidio
357 4358 424 4409 inter
441 4358 516 4425 ipsos
535 4364 639 4409 exorto.
659 4356 730 4424 qnod
749 4356 781 4409 nd
804 4356 830 4407 id
848 4358 956 4423 attinet,
978 4356 1048 4425 quod
1066 4371 1120 4408 uon
1135 4353 1322 4405 omnibussuis

246 4420 387 4481 aduersariis
403 4431 503 4497 puriter
520 4430 631 4498 negotia
650 4427 803 4493 iacessunt,
830 4430 887 4480 eius
915 4429 955 4479 rei
975 4442 1080 4481 causam
1102 4427 1180 4478 etiam
1200 4440 1260 4477 esse
1278 4424 1322 4475 di.

248 4502 307 4560 test,
322 4514 354 4553 ne
371 4502 407 4553 ita
427 4507 563 4571 appareat,
582 4515 673 4553 omnes
693 4499 750 4552 iere
768 4500 889 4553 homines
900 4498 1036 4567 perversis
1047 4512 1138 4550 eorum
1156 4494 1322 4552 novitatibus

247 4565 351 4625 utensis
369 4588 435 4627 esse.
478 4572 546 4626 haec
566 4574 647 4641 igitur
665 4581 784 4642 quartam
803 4587 926 4639 cansam,
946 4586 993 4624 cnr
1011 4570 1229 4641 tugravioribns
1248 4570 1322 4627 iniu-

327 4668 483 4745 ίίίοφλοεινι
502 4670 611 4743 (ίτνςντ.
637 4670 693 4728 tut.
705 4670 759 4727 m.
1119 4673 1137 4731 5

1198 4770 1204 4801 t
